@article{particle_flow_2017,
    author = "Sirunyan, A. M. and others",
    collaboration = "CMS",
    title = "{Particle-flow reconstruction and global event description with the CMS detector}",
    eprint = "1706.04965",
    archivePrefix = "arXiv",
    primaryClass = "physics.ins-det",
    reportNumber = "CMS-PRF-14-001, CERN-EP-2017-110",
    doi = "10.1088/1748-0221/12/10/P10003",
    journal = "JINST",
    volume = "12",
    number = "10",
    pages = "P10003",
    year = "2017"
}

@article{egamma_reco_2021,
    doi = {10.1088/1748-0221/16/05/P05014},
    url = {https://dx.doi.org/10.1088/1748-0221/16/05/P05014},
    year = {2021},
    month = {5},
    publisher = {IOP Publishing},
    volume = {16},
    number = {05},
    pages = {P05014},
    collaboration = {CMS Collaboration},
    author = {A.M. Sirunyan and A. Tumasyan and W. Adam and T. Bergauer and M. Dragicevic and A. Escalante Del Valle and R. Frühwirth and M. Jeitler and N. Krammer and L. Lechner and D. Liko and I. Mikulec and F.M. Pitters and N. Rad and J. Schieck and R. Schöfbeck and M. Spanring and S. Templ and W. Waltenberger and C.-E. Wulz and M. Zarucki and V. Chekhovsky and A. Litomin and V. Makarenko and J. Suarez Gonzalez and M.R. Darwish and E.A. De Wolf and X. Janssen and T. Kello and A. Lelek and M. Pieters and H. Rejeb Sfar and H. Van Haevermaet and P. Van Mechelen and S. Van Putte and N. Van Remortel and F. Blekman and E.S. Bols and S.S. Chhibra and J. D'Hondt and J. De Clercq and D. Lontkovskyi and S. Lowette and I. Marchesini and S. Moortgat and A. Morton and D. Müller and Q. Python and S. Tavernier and W. Van Doninck and P. Van Mulders and D. Beghin and B. Bilin and B. Clerbaux and G. De Lentdecker and B. Dorney and L. Favart and A. Grebenyuk and A.K. Kalsi and I. Makarenko and L. Moureaux and L. Pétré and A. Popov and N. Postiau and E. Starling and L. Thomas and C. Vander Velde and P. Vanlaer and D. Vannerom and L. Wezenbeek and T. Cornelis and D. Dobur and M. Gruchala and I. Khvastunov and G. Mestdach and M. Niedziela and C. Roskas and K. Skovpen and M. Tytgat and W. Verbeke and B. Vermassen and M. Vit and G. Bruno and F. Bury and C. Caputo and P. David and C. Delaere and M. Delcourt and I.S. Donertas and A. Giammanco and V. Lemaitre and K. Mondal and J. Prisciandaro and A. Taliercio and M. Teklishyn and P. Vischia and S. Wertz and S. Wuyckens and G.A. Alves and C. Hensel and A. Moraes and W.L. Aldá Júnior and E. Belchior Batista Das Chagas and H. Brandao Malbouisson and W. Carvalho and J. Chinellato and E. Coelho and E.M. Da Costa and G.G. Da Silveira and D. De Jesus Damiao and S. Fonseca De Souza and J. Martins and D. Matos Figueiredo and M. Medina Jaime and C. Mora Herrera and L. Mundim and H. Nogima and P. Rebello Teles and L.J. Sanchez Rosas and A. Santoro and S.M. Silva Do Amaral and A. Sznajder and M. Thiel and F. Torres Da Silva De Araujo and A. Vilela Pereira and C.A. Bernardes and L. Calligaris and T.R. Fernandez Perez Tomei and E.M. Gregores and D.S. Lemos and P.G. Mercadante and S.F. Novaes and Sandra S. Padula and A. Aleksandrov and G. Antchev and I. Atanasov and R. Hadjiiska and P. Iaydjiev and M. Misheva and M. Rodozov and M. Shopova and G. Sultanov and A. Dimitrov and T. Ivanov and L. Litov and B. Pavlov and P. Petkov and A. Petrov and T. Cheng and W. Fang and Q. Guo and M. Mittal and H. Wang and L. Yuan and M. Ahmad and G. Bauer and Z. Hu and Y. Wang and K. Yi and E. Chapon and G.M. Chen and H.S. Chen and M. Chen and T. Javaid and A. Kapoor and D. Leggat and H. Liao and Z.-A. Liu and R. Sharma and A. Spiezia and J. Tao and J. Thomas-wilsker and J. Wang and H. Zhang and S. Zhang and J. Zhao and A. Agapitos and Y. Ban and C. Chen and Q. Huang and A. Levin and Q. Li and M. Lu and X. Lyu and Y. Mao and S.J. Qian and D. Wang and Q. Wang and J. Xiao and Z. You and X. Gao and M. Xiao and C. Avila and A. Cabrera and C. Florez and J. Fraga and A. Sarkar and M.A. Segura Delgado and J. Jaramillo and J. Mejia Guisao and F. Ramirez and J.D. Ruiz Alvarez and C.A. Salazar González and N. Vanegas Arbelaez and D. Giljanovic and N. Godinovic and D. Lelas and I. Puljak and Z. Antunovic and M. Kovac and T. Sculac and V. Brigljevic and D. Ferencek and D. Majumder and M. Roguljic and A. Starodumov and T. Susa and M.W. Ather and A. Attikis and E. Erodotou and A. Ioannou and G. Kole and M. Kolosova and S. Konstantinou and J. Mousa and C. Nicolaou and F. Ptochos and P.A. Razis and H. Rykaczewski and H. Saka and D. Tsiakkouri and M. Finger and M. Finger and A. Kveton and J. Tomsa and E. Ayala and E. Carrera Jarrin and H. Abdalla and A.A. Abdelalim and Y. Assran and A. Lotfy and M.A. Mahmoud and S. Bhowmik and A. Carvalho Antunes De Oliveira and R.K. Dewanjee and K. Ehataht and M. Kadastik and J. Pata and M. Raidal and C. Veelken and P. Eerola and L. Forthomme and H. Kirschenmann and K. Osterberg and M. Voutilainen and E. Brücken and F. Garcia and J. Havukainen and V. Karimäki and M.S. Kim and R. Kinnunen and T. Lampén and K. Lassila-Perini and S. Lehti and T. Lindén and H. Siikonen and E. Tuominen and J. Tuominiemi and P. Luukka and T. Tuuva and C. Amendola and M. Besancon and F. Couderc and M. Dejardin and D. Denegri and J.L. Faure and F. Ferri and S. Ganjour and A. Givernaud and P. Gras and G. Hamel de Monchenault and P. Jarry and B. Lenzi and E. Locci and J. Malcles and J. Rander and A. Rosowsky and M.Ö. Sahin and A. Savoy-Navarro and M. Titov and G.B. Yu and S. Ahuja and F. Beaudette and M. Bonanomi and A. Buchot Perraguin and P. Busson and C. Charlot and O. Davignon and B. Diab and G. Falmagne and R. Granier de Cassagnac and A. Hakimi and I. Kucher and A. Lobanov and C. Martin Perez and M. Nguyen and C. Ochando and P. Paganini and J. Rembser and R. Salerno and J.B. Sauvan and Y. Sirois and A. Zabi and A. Zghiche and J.-L. Agram and J. Andrea and D. Bloch and G. Bourgatte and J.-M. Brom and E.C. Chabert and C. Collard and J.-C. Fontaine and D. Gelé and U. Goerlach and C. Grimault and A.-C. Le Bihan and P. Van Hove and E. Asilar and S. Beauceron and C. Bernet and G. Boudoul and C. Camen and A. Carle and N. Chanon and D. Contardo and P. Depasse and H. El Mamouni and J. Fay and S. Gascon and M. Gouzevitch and B. Ille and Sa. Jain and I.B. Laktineh and H. Lattaud and A. Lesauvage and M. Lethuillier and L. Mirabito and K. Shchablo and L. Torterotot and G. Touquet and M. Vander Donckt and S. Viret and A. Khvedelidze and Z. Tsamalaidze and L. Feld and K. Klein and M. Lipinski and D. Meuser and A. Pauls and M.P. Rauch and J. Schulz and M. Teroerde and D. Eliseev and M. Erdmann and P. Fackeldey and B. Fischer and S. Ghosh and T. Hebbeker and K. Hoepfner and H. Keller and L. Mastrolorenzo and M. Merschmeyer and A. Meyer and G. Mocellin and S. Mondal and S. Mukherjee and D. Noll and A. Novak and T. Pook and A. Pozdnyakov and Y. Rath and H. Reithler and J. Roemer and A. Schmidt and S.C. Schuler and A. Sharma and S. Wiedenbeck and S. Zaleski and C. Dziwok and G. Flügge and W. Haj Ahmad and O. Hlushchenko and T. Kress and A. Nowack and C. Pistone and O. Pooth and D. Roy and H. Sert and A. Stahl and T. Ziemons and H. Aarup Petersen and M. Aldaya Martin and P. Asmuss and I. Babounikau and S. Baxter and O. Behnke and A. Bermúdez Martínez and A.A. Bin Anuar and K. Borras and V. Botta and D. Brunner and A. Campbell and A. Cardini and P. Connor and S. Consuegra Rodríguez and V. Danilov and A. De Wit and M.M. Defranchis and L. Didukh and D. Domínguez Damiani and G. Eckerlin and D. Eckstein and L.I. Estevez Banos and E. Gallo and A. Geiser and A. Giraldi and A. Grohsjean and M. Guthoff and A. Harb and A. Jafari and N.Z. Jomhari and H. Jung and A. Kasem and M. Kasemann and H. Kaveh and C. Kleinwort and J. Knolle and D. Krücker and W. Lange and T. Lenz and J. Lidrych and K. Lipka and W. Lohmann and T. Madlener and R. Mankel and I.-A. Melzer-Pellmann and J. Metwally and A.B. Meyer and M. Meyer and J. Mnich and A. Mussgiller and V. Myronenko and Y. Otarid and D. Pérez Adán and S.K. Pflitsch and D. Pitzl and A. Raspereza and A. Saggio and A. Saibel and M. Savitskyi and V. Scheurer and C. Schwanenberger and A. Singh and R.E. Sosa Ricardo and N. Tonon and O. Turkot and A. Vagnerini and M. Van De Klundert and R. Walsh and D. Walter and Y. Wen and K. Wichmann and C. Wissing and S. Wuchterl and O. Zenaiev and R. Zlebcik and R. Aggleton and S. Bein and L. Benato and A. Benecke and K. De Leo and T. Dreyer and A. Ebrahimi and M. Eich and F. Feindt and A. Fröhlich and C. Garbers and E. Garutti and P. Gunnellini and J. Haller and A. Hinzmann and A. Karavdina and G. Kasieczka and R. Klanner and R. Kogler and V. Kutzner and J. Lange and T. Lange and A. Malara and C.E.N. Niemeyer and A. Nigamova and K.J. Pena Rodriguez and O. Rieger and P. Schleper and S. Schumann and J. Schwandt and D. Schwarz and J. Sonneveld and H. Stadie and G. Steinbrück and A. Tews and B. Vormwald and I. Zoi and J. Bechtel and T. Berger and E. Butz and R. Caspart and T. Chwalek and W. De Boer and A. Dierlamm and A. Droll and K. El Morabit and N. Faltermann and K. Flöh and M. Giffels and A. Gottmann and F. Hartmann and C. Heidecker and U. Husemann and I. Katkov and P. Keicher and R. Koppenhöfer and S. Maier and M. Metzler and S. Mitra and Th. Müller and M. Musich and G. Quast and K. Rabbertz and J. Rauser and D. Savoiu and D. Schäfer and M. Schnepf and M. Schröder and D. Seith and I. Shvetsov and H.J. Simonis and R. Ulrich and M. Wassmer and M. Weber and R. Wolf and S. Wozniewski and G. Anagnostou and P. Asenov and G. Daskalakis and T. Geralis and A. Kyriakis and D. Loukas and G. Paspalaki and A. Stakia and M. Diamantopoulou and D. Karasavvas and G. Karathanasis and P. Kontaxakis and C.K. Koraka and A. Manousakis-Katsikakis and A. Panagiotou and I. Papavergou and N. Saoulidou and K. Theofilatos and E. Tziaferi and K. Vellidis and E. Vourliotis and G. Bakas and K. Kousouris and I. Papakrivopoulos and G. Tsipolitis and A. Zacharopoulou and I. Evangelou and C. Foudas and P. Gianneios and P. Katsoulis and P. Kokkas and K. Manitara and N. Manthos and I. Papadopoulos and J. Strologas and M. Bartók and M. Csanad and M.M.A. Gadallah and S. Lökös and P. Major and K. Mandal and A. Mehta and G. Pasztor and O. Surányi and G.I. Veres and G. Bencze and C. Hajdu and D. Horvath and F. Sikler and V. Veszpremi and G. Vesztergombi and S. Czellar and J. Karancsi and J. Molnar and Z. Szillasi and D. Teyssier and P. Raics and Z.L. Trocsanyi and B. Ujvari and T. Csorgo and F. Nemes and T. Novak and S. Choudhury and J.R. Komaragiri and D. Kumar and L. Panwar and P.C. Tiwari and S. Bahinipati and D. Dash and C. Kar and P. Mal and T. Mishra and V.K. Muraleedharan Nair Bindhu and A. Nayak and N. Sur and S.K. Swain and S. Bansal and S.B. Beri and V. Bhatnagar and G. Chaudhary and S. Chauhan and N. Dhingra and R. Gupta and A. Kaur and S. Kaur and P. Kumari and M. Meena and K. Sandeep and S. Sharma and J.B. Singh and A.K. Virdi and A. Ahmed and A. Bhardwaj and B.C. Choudhary and R.B. Garg and M. Gola and S. Keshri and A. Kumar and M. Naimuddin and P. Priyanka and K. Ranjan and A. Shah and M. Bharti and R. Bhattacharya and S. Bhattacharya and D. Bhowmik and S. Dutta and S. Ghosh and B. Gomber and M. Maity and S. Nandan and P. Palit and P.K. Rout and G. Saha and B. Sahu and S. Sarkar and M. Sharan and B. Singh and S. Thakur and P.K. Behera and S.C. Behera and P. Kalbhor and A. Muhammad and R. Pradhan and P.R. Pujahari and A. Sharma and A.K. Sikdar and D. Dutta and V. Kumar and K. Naskar and P.K. Netrakanti and L.M. Pant and P. Shukla and T. Aziz and S. Dugad and G.B. Mohanty and U. Sarkar and S. Banerjee and S. Bhattacharya and S. Chatterjee and R. Chudasama and M. Guchait and S. Karmakar and S. Kumar and G. Majumder and K. Mazumdar and S. Mukherjee and D. Roy and S. Dube and B. Kansal and S. Pandey and A. Rane and A. Rastogi and S. Sharma and H. Bakhshiansohi and M. Zeinali and S. Chenarani and S.M. Etesami and M. Khakzad and M. Mohammadi Najafabadi and M. Felcini and M. Grunewald and M. Abbrescia and R. Aly and C. Aruta and A. Colaleo and D. Creanza and N. De Filippis and M. De Palma and A. Di Florio and A. Di Pilato and W. Elmetenawee and L. Fiore and A. Gelmi and M. Gul and G. Iaselli and M. Ince and S. Lezki and G. Maggi and M. Maggi and I. Margjeka and V. Mastrapasqua and J.A. Merlin and S. My and S. Nuzzo and A. Pompili and G. Pugliese and A. Ranieri and G. Selvaggi and L. Silvestris and F.M. Simone and R. Venditti and P. Verwilligen and G. Abbiendi and C. Battilana and D. Bonacorsi and L. Borgonovi and S. Braibant-Giacomelli and R. Campanini and P. Capiluppi and A. Castro and F.R. Cavallo and C. Ciocca and M. Cuffiani and G.M. Dallavalle and T. Diotalevi and F. Fabbri and A. Fanfani and E. Fontanesi and P. Giacomelli and L. Giommi and C. Grandi and L. Guiducci and F. Iemmi and S. Lo Meo and S. Marcellini and G. Masetti and F.L. Navarria and A. Perrotta and F. Primavera and A.M. Rossi and T. Rovelli and G.P. Siroli and N. Tosi and S. Albergo and S. Costa and A. Di Mattia and R. Potenza and A. Tricomi and C. Tuve and G. Barbagli and A. Cassese and R. Ceccarelli and V. Ciulli and C. Civinini and R. D'Alessandro and F. Fiori and E. Focardi and G. Latino and P. Lenzi and M. Lizzo and M. Meschini and S. Paoletti and R. Seidita and G. Sguazzoni and L. Viliani and L. Benussi and S. Bianco and D. Piccolo and M. Bozzo and F. Ferro and R. Mulargia and E. Robutti and S. Tosi and A. Benaglia and A. Beschi and F. Brivio and F. Cetorelli and V. Ciriolo and F. De Guio and M.E. Dinardo and P. Dini and S. Gennai and A. Ghezzi and P. Govoni and L. Guzzi and M. Malberti and S. Malvezzi and A. Massironi and D. Menasce and F. Monti and L. Moroni and M. Paganoni and D. Pedrini and S. Ragazzi and T. Tabarelli de Fatis and D. Valsecchi and D. Zuolo and S. Buontempo and N. Cavallo and A. De Iorio and F. Fabozzi and F. Fienga and A.O.M. Iorio and L. Lista and S. Meola and P. Paolucci and B. Rossi and C. Sciacca and P. Azzi and N. Bacchetta and D. Bisello and P. Bortignon and A. Bragagnolo and R. Carlin and P. Checchia and P. De Castro Manzano and T. Dorigo and F. Gasparini and U. Gasparini and S.Y. Hoh and L. Layer and M. Margoni and A.T. Meneguzzo and M. Presilla and P. Ronchese and R. Rossin and F. Simonetto and G. Strong and M. Tosi and H. Yarar and M. Zanetti and P. Zotto and A. Zucchetta and G. Zumerle and C. Aime` and A. Braghieri and S. Calzaferri and D. Fiorina and P. Montagna and S.P. Ratti and V. Re and M. Ressegotti and C. Riccardi and P. Salvini and I. Vai and P. Vitulo and M. Biasini and G.M. Bilei and D. Ciangottini and L. Fanò and P. Lariccia and G. Mantovani and V. Mariani and M. Menichelli and F. Moscatelli and A. Piccinelli and A. Rossi and A. Santocchia and D. Spiga and T. Tedeschi and K. Androsov and P. Azzurri and G. Bagliesi and V. Bertacchi and L. Bianchini and T. Boccali and R. Castaldi and M.A. Ciocci and R. Dell'Orso and M.R. Di Domenico and S. Donato and L. Giannini and A. Giassi and M.T. Grippo and F. Ligabue and E. Manca and G. Mandorli and A. Messineo and F. Palla and G. Ramirez-Sanchez and A. Rizzi and G. Rolandi and S. Roy Chowdhury and A. Scribano and N. Shafiei and P. Spagnolo and R. Tenchini and G. Tonelli and N. Turini and A. Venturi and P.G. Verdini and F. Cavallari and M. Cipriani and D. Del Re and E. Di Marco and M. Diemoz and E. Longo and P. Meridiani and G. Organtini and F. Pandolfi and R. Paramatti and C. Quaranta and S. Rahatlou and C. Rovelli and F. Santanastasio and L. Soffi and R. Tramontano and N. Amapane and R. Arcidiacono and S. Argiro and M. Arneodo and N. Bartosik and R. Bellan and A. Bellora and J. Berenguer Antequera and C. Biino and A. Cappati and N. Cartiglia and S. Cometti and M. Costa and R. Covarelli and N. Demaria and B. Kiani and F. Legger and C. Mariotti and S. Maselli and E. Migliore and V. Monaco and E. Monteil and M. Monteno and M.M. Obertino and G. Ortona and L. Pacher and N. Pastrone and M. Pelliccioni and G.L. Pinna Angioni and M. Ruspa and R. Salvatico and F. Siviero and V. Sola and A. Solano and D. Soldi and A. Staiano and M. Tornago and D. Trocino and S. Belforte and V. Candelise and M. Casarsa and F. Cossutti and A. Da Rold and G. Della Ricca and F. Vazzoler and S. Dogra and C. Huh and B. Kim and D.H. Kim and G.N. Kim and J. Lee and S.W. Lee and C.S. Moon and Y.D. Oh and S.I. Pak and B.C. Radburn-Smith and S. Sekmen and Y.C. Yang and H. Kim and D.H. Moon and B. Francois and T.J. Kim and J. Park and S. Cho and S. Choi and Y. Go and S. Ha and B. Hong and K. Lee and K.S. Lee and J. Lim and J. Park and S.K. Park and J. Yoo and J. Goh and A. Gurtu and H.S. Kim and Y. Kim and J. Almond and J.H. Bhyun and J. Choi and S. Jeon and J. Kim and J.S. Kim and S. Ko and H. Kwon and H. Lee and K. Lee and S. Lee and K. Nam and B.H. Oh and M. Oh and S.B. Oh and H. Seo and U.K. Yang and I. Yoon and D. Jeon and J.H. Kim and B. Ko and J.S.H. Lee and I.C. Park and Y. Roh and D. Song and I.J. Watson and H.D. Yoo and Y. Choi and C. Hwang and Y. Jeong and H. Lee and Y. Lee and I. Yu and Y. Maghrbi and V. Veckalns and A. Juodagalvis and A. Rinkevicius and G. Tamulaitis and A. Vaitkevicius and W.A.T. Wan Abdullah and M.N. Yusli and Z. Zolkapli and J.F. Benitez and A. Castaneda Hernandez and J.A. Murillo Quijada and L. Valencia Palomo and G. Ayala and H. Castilla-Valdez and E. De La Cruz-Burelo and I. Heredia-De La Cruz and R. Lopez-Fernandez and C.A. Mondragon Herrera and D.A. Perez Navarro and A. Sanchez-Hernandez and S. Carrillo Moreno and C. Oropeza Barrera and M. Ramirez-Garcia and F. Vazquez Valencia and J. Eysermans and I. Pedraza and H.A. Salazar Ibarguen and C. Uribe Estrada and A. Morelos Pineda and J. Mijuskovic and N. Raicevic and D. Krofcheck and S. Bheesette and P.H. Butler and A. Ahmad and M.I. Asghar and A. Awais and M.I.M. Awan and H.R. Hoorani and W.A. Khan and S. Qazi and M.A. Shah and M. Shoaib and V. Avati and L. Grzanka and M. Malawski and H. Bialkowska and M. Bluj and B. Boimska and T. Frueboes and M. Górski and M. Kazana and M. Szleper and P. Traczyk and P. Zalewski and K. Bunkowski and K. Doroba and A. Kalinowski and M. Konecki and J. Krolikowski and M. Walczak and M. Araujo and P. Bargassa and D. Bastos and A. Boletti and P. Faccioli and M. Gallinaro and J. Hollar and N. Leonardo and T. Niknejad and J. Seixas and K. Shchelina and O. Toldaiev and J. Varela and S. Afanasiev and P. Bunin and M. Gavrilenko and I. Golutvin and I. Gorbunov and A. Kamenev and V. Karjavine and A. Lanev and A. Malakhov and V. Matveev and V.V. Mitsyn and V. Palichik and V. Perelygin and M. Savina and S. Shmatov and S. Shulha and V. Smirnov and O. Teryaev and V. Trofimov and N. Voytishin and B.S. Yuldashev and A. Zarubin and G. Gavrilov and V. Golovtcov and Y. Ivanov and V. Kim and E. Kuznetsova and V. Murzin and V. Oreshkin and I. Smirnov and D. Sosnov and V. Sulimov and L. Uvarov and S. Volkov and A. Vorobyev and Yu. Andreev and A. Dermenev and S. Gninenko and N. Golubev and A. Karneyeu and M. Kirsanov and N. Krasnikov and A. Pashenkov and G. Pivovarov and D. Tlisov and A. Toropin and V. Epshteyn and V. Gavrilov and N. Lychkovskaya and A. Nikitenko and V. Popov and G. Safronov and A. Spiridonov and A. Stepennov and M. Toms and E. Vlasov and A. Zhokin and T. Aushev and O. Bychkova and M. Chadeeva and D. Philippov and E. Popova and V. Rusinov and V. Andreev and M. Azarkin and I. Dremin and M. Kirakosyan and A. Terkulov and A. Belyaev and E. Boos and M. Dubinin and L. Dudko and A. Ershov and A. Gribushin and V. Klyukhin and O. Kodolova and I. Lokhtin and S. Obraztsov and S. Petrushanko and V. Savrin and A. Snigirev and V. Blinov and T. Dimova and L. Kardapoltsev and I. Ovtin and Y. Skovpen and I. Azhgirey and I. Bayshev and V. Kachanov and A. Kalinin and D. Konstantinov and V. Petrov and R. Ryutin and A. Sobol and S. Troshin and N. Tyurin and A. Uzunian and A. Volkov and A. Babaev and A. Iuzhakov and V. Okhotnikov and L. Sukhikh and V. Borchsh and V. Ivanchenko and E. Tcherniaev and P. Adzic and M. Dordevic and P. Milenovic and J. Milosevic and M. Aguilar-Benitez and J. Alcaraz Maestre and A. Álvarez Fernández and I. Bachiller and M. Barrio Luna and Cristina F. Bedoya and C.A. Carrillo Montoya and M. Cepeda and M. Cerrada and N. Colino and B. De La Cruz and A. Delgado Peris and J.P. Fernández Ramos and J. Flix and M.C. Fouz and O. Gonzalez Lopez and S. Goy Lopez and J.M. Hernandez and M.I. Josa and J. León Holgado and D. Moran and Á. Navarro Tobar and A. Pérez-Calero Yzquierdo and J. Puerta Pelayo and I. Redondo and L. Romero and S. Sánchez Navas and M.S. Soares and L. Urda Gómez and C. Willmott and C. Albajar and J.F. de Trocóniz and R. Reyes-Almanza and B. Alvarez Gonzalez and J. Cuevas and C. Erice and J. Fernandez Menendez and S. Folgueras and I. Gonzalez Caballero and E. Palencia Cortezon and C. Ramón Álvarez and J. Ripoll Sau and V. Rodríguez Bouza and S. Sanchez Cruz and A. Trapote and J.A. Brochero Cifuentes and I.J. Cabrillo and A. Calderon and B. Chazin Quero and J. Duarte Campderros and M. Fernandez and P.J. Fernández Manteca and A. García Alonso and G. Gomez and C. Martinez Rivero and P. Martinez Ruiz del Arbol and F. Matorras and J. Piedra Gomez and C. Prieels and F. Ricci-Tam and T. Rodrigo and A. Ruiz-Jimeno and L. Scodellaro and I. Vila and J.M. Vizan Garcia and M.K. J and B. Kailasapathy and D.U.J. Sonnadara and D.D.C. Wickramarathna and W.G.D. Dharmaratna and K. Liyanage and N. Perera and N. Wickramage and T.K. Aarrestad and D. Abbaneo and E. Auffray and G. Auzinger and J. Baechler and P. Baillon and A.H. Ball and D. Barney and J. Bendavid and N. Beni and M. Bianco and A. Bocci and E. Bossini and E. Brondolin and T. Camporesi and M. Capeans Garrido and G. Cerminara and L. Cristella and D. d'Enterria and A. Dabrowski and N. Daci and A. David and A. De Roeck and M. Deile and R. Di Maria and M. Dobson and M. Dünser and N. Dupont and A. Elliott-Peisert and N. Emriskova and F. Fallavollita and D. Fasanella and S. Fiorendi and A. Florent and G. Franzoni and J. Fulcher and W. Funk and S. Giani and D. Gigi and K. Gill and F. Glege and L. Gouskos and M. Guilbaud and M. Haranko and J. Hegeman and Y. Iiyama and V. Innocente and T. James and P. Janot and J. Kaspar and J. Kieseler and M. Komm and N. Kratochwil and C. Lange and S. Laurila and P. Lecoq and K. Long and C. Lourenço and L. Malgeri and S. Mallios and M. Mannelli and F. Meijers and S. Mersi and E. Meschi and F. Moortgat and M. Mulders and S. Orfanelli and L. Orsini and F. Pantaleo and L. Pape and E. Perez and M. Peruzzi and A. Petrilli and G. Petrucciani and A. Pfeiffer and M. Pierini and T. Quast and D. Rabady and A. Racz and M. Rieger and M. Rovere and H. Sakulin and J. Salfeld-Nebgen and S. Scarfi and C. Schäfer and C. Schwick and M. Selvaggi and A. Sharma and P. Silva and W. Snoeys and P. Sphicas and S. Summers and V.R. Tavolaro and D. Treille and A. Tsirou and G.P. Van Onsem and M. Verzetti and K.A. Wozniak and W.D. Zeuner and L. Caminada and W. Erdmann and R. Horisberger and Q. Ingram and H.C. Kaestli and D. Kotlinski and U. Langenegger and M. Missiroli and T. Rohe and M. Backhaus and P. Berger and A. Calandri and N. Chernyavskaya and A. De Cosa and G. Dissertori and M. Dittmar and M. Donegà and C. Dorfer and T. Gadek and T.A. Gómez Espinosa and C. Grab and D. Hits and W. Lustermann and A.-M. Lyon and R.A. Manzoni and M.T. Meinhard and F. Micheli and F. Nessi-Tedaldi and J. Niedziela and F. Pauss and V. Perovic and G. Perrin and S. Pigazzini and M.G. Ratti and M. Reichmann and C. Reissel and T. Reitenspiess and B. Ristic and D. Ruini and D.A. Sanz Becerra and M. Schönenberger and V. Stampf and J. Steggemann and R. Wallny and D.H. Zhu and C. Amsler and C. Botta and D. Brzhechko and M.F. Canelli and R. Del Burgo and J.K. Heikkilä and M. Huwiler and A. Jofrehei and B. Kilminster and S. Leontsinis and A. Macchiolo and P. Meiring and V.M. Mikuni and U. Molinatti and I. Neutelings and G. Rauco and A. Reimers and P. Robmann and K. Schweiger and Y. Takahashi and C. Adloff and P.L.H. Cao and T.H. Doan and H.R. Jheng and C.M. Kuo and M.Y. Lee and W. Lin and V.L. Quilatan and A. Roy and T. Sarkar and J.A. Villamoran and C.H. Wu and S.S. Yu and L. Ceard and P. Chang and Y. Chao and K.F. Chen and P.H. Chen and W.-S. Hou and Y.y. Li and R.-S. Lu and E. Paganis and A. Psallidas and A. Steen and E. Yazgan and B. Asavapibhop and C. Asawatangtrakuldee and N. Srimanobhas and F. Boran and S. Damarseckin and Z.S. Demiroglu and F. Dolek and C. Dozen and I. Dumanoglu and E. Eskut and G. Gokbulut and Y. Guler and E. Gurpinar Guler and I. Hos and C. Isik and E.E. Kangal and O. Kara and A. Kayis Topaksu and U. Kiminsu and G. Onengut and K. Ozdemir and A. Polatoz and A.E. Simsek and B. Tali and U.G. Tok and S. Turkcapar and I.S. Zorbakir and C. Zorbilmez and B. Isildak and G. Karapinar and K. Ocalan and M. Yalvac and B. Akgun and I.O. Atakisi and E. Gülmez and M. Kaya and O. Kaya and Ö. Özçelik and S. Tekten and E.A. Yetkin and A. Cakir and K. Cankocak and Y. Komurcu and S. Sen and F. Aydogmus Sen and S. Cerci and B. Kaynak and S. Ozkorucuklu and D. Sunar Cerci and B. Grynyov and L. Levchuk and E. Bhal and S. Bologna and J.J. Brooke and E. Clement and D. Cussans and H. Flacher and J. Goldstein and G.P. Heath and H.F. Heath and L. Kreczko and B. Krikler and S. Paramesvaran and T. Sakuma and S. Seif El Nasr-Storey and V.J. Smith and N. Stylianou and J. Taylor and A. Titterton and K.W. Bell and A. Belyaev and C. Brew and R.M. Brown and D.J.A. Cockerill and K.V. Ellis and K. Harder and S. Harper and J. Linacre and K. Manolopoulos and D.M. Newbold and E. Olaiya and D. Petyt and T. Reis and T. Schuh and C.H. Shepherd-Themistocleous and A. Thea and I.R. Tomalin and T. Williams and R. Bainbridge and P. Bloch and S. Bonomally and J. Borg and S. Breeze and O. Buchmuller and A. Bundock and V. Cepaitis and G.S. Chahal and D. Colling and P. Dauncey and G. Davies and M. Della Negra and G. Fedi and G. Hall and G. Iles and J. Langford and L. Lyons and A.-M. Magnan and S. Malik and A. Martelli and V. Milosevic and J. Nash and V. Palladino and M. Pesaresi and D.M. Raymond and A. Richards and A. Rose and E. Scott and C. Seez and A. Shtipliyski and M. Stoye and A. Tapper and K. Uchida and T. Virdee and N. Wardle and S.N. Webb and D. Winterbottom and A.G. Zecchinelli and J.E. Cole and P.R. Hobson and A. Khan and P. Kyberd and C.K. Mackay and I.D. Reid and L. Teodorescu and S. Zahid and S. Abdullin and A. Brinkerhoff and K. Call and B. Caraway and J. Dittmann and K. Hatakeyama and A.R. Kanuganti and C. Madrid and B. McMaster and N. Pastika and S. Sawant and C. Smith and J. Wilson and R. Bartek and A. Dominguez and R. Uniyal and A.M. Vargas Hernandez and A. Buccilli and O. Charaf and S.I. Cooper and D. Di Croce and S.V. Gleyzer and C. Henderson and C.U. Perez and P. Rumerio and C. West and A. Akpinar and A. Albert and D. Arcaro and C. Cosby and Z. Demiragli and D. Gastler and J. Rohlf and K. Salyer and D. Sperka and D. Spitzbart and I. Suarez and S. Yuan and D. Zou and G. Benelli and B. Burkle and X. Coubez and D. Cutts and Y.t. Duh and M. Hadley and U. Heintz and J.M. Hogan and K.H.M. Kwok and E. Laird and G. Landsberg and K.T. Lau and J. Lee and M. Narain and S. Sagir and R. Syarif and E. Usai and W.Y. Wong and D. Yu and W. Zhang and R. Band and C. Brainerd and R. Breedon and M. Calderon De La Barca Sanchez and M. Chertok and J. Conway and R. Conway and P.T. Cox and R. Erbacher and C. Flores and G. Funk and F. Jensen and W. Ko and O. Kukral and R. Lander and M. Mulhearn and D. Pellett and J. Pilot and M. Shi and D. Taylor and K. Tos and M. Tripathi and Y. Yao and F. Zhang and M. Bachtis and R. Cousins and A. Dasgupta and D. Hamilton and J. Hauser and M. Ignatenko and M.A. Iqbal and T. Lam and N. Mccoll and W.A. Nash and S. Regnard and D. Saltzberg and C. Schnaible and B. Stone and V. Valuev and K. Burt and Y. Chen and R. Clare and J.W. Gary and G. Hanson and G. Karapostoli and O.R. Long and N. Manganelli and M. Olmedo Negrete and W. Si and S. Wimpenny and Y. Zhang and J.G. Branson and P. Chang and S. Cittolin and S. Cooperstein and N. Deelen and J. Duarte and R. Gerosa and D. Gilbert and V. Krutelyov and J. Letts and M. Masciovecchio and S. May and S. Padhi and M. Pieri and V. Sharma and M. Tadel and A. Vartak and F. Würthwein and A. Yagil and N. Amin and C. Campagnari and M. Citron and A. Dorsett and V. Dutta and J. Incandela and M. Kilpatrick and B. Marsh and H. Mei and A. Ovcharova and H. Qu and M. Quinnan and J. Richman and U. Sarica and D. Stuart and S. Wang and A. Bornheim and O. Cerri and I. Dutta and J.M. Lawhorn and N. Lu and J. Mao and H.B. Newman and J. Ngadiuba and T.Q. Nguyen and M. Spiropulu and J.R. Vlimant and C. Wang and S. Xie and Z. Zhang and R.Y. Zhu and J. Alison and M.B. Andrews and T. Ferguson and T. Mudholkar and M. Paulini and I. Vorobiev and J.P. Cumalat and W.T. Ford and E. MacDonald and R. Patel and A. Perloff and K. Stenson and K.A. Ulmer and S.R. Wagner and J. Alexander and Y. Cheng and J. Chu and D.J. Cranshaw and A. Datta and A. Frankenthal and K. Mcdermott and J. Monroy and J.R. Patterson and D. Quach and A. Ryd and W. Sun and S.M. Tan and Z. Tao and J. Thom and P. Wittich and M. Zientek and M. Albrow and M. Alyari and G. Apollinari and A. Apresyan and A. Apyan and S. Banerjee and L.A.T. Bauerdick and A. Beretvas and D. Berry and J. Berryhill and P.C. Bhat and K. Burkett and J.N. Butler and A. Canepa and G.B. Cerati and H.W.K. Cheung and F. Chlebana and M. Cremonesi and V.D. Elvira and J. Freeman and Z. Gecse and L. Gray and D. Green and S. Grünendahl and O. Gutsche and R.M. Harris and S. Hasegawa and R. Heller and T.C. Herwig and J. Hirschauer and B. Jayatilaka and S. Jindariani and M. Johnson and U. Joshi and P. Klabbers and T. Klijnsma and B. Klima and M.J. Kortelainen and S. Lammel and D. Lincoln and R. Lipton and T. Liu and J. Lykken and K. Maeshima and D. Mason and P. McBride and P. Merkel and S. Mrenna and S. Nahn and V. O'Dell and V. Papadimitriou and K. Pedro and C. Pena and O. Prokofyev and F. Ravera and A. Reinsvold Hall and L. Ristori and B. Schneider and E. Sexton-Kennedy and N. Smith and A. Soha and W.J. Spalding and L. Spiegel and S. Stoynev and J. Strait and L. Taylor and S. Tkaczyk and N.V. Tran and L. Uplegger and E.W. Vaandering and H.A. Weber and A. Woodard and D. Acosta and P. Avery and D. Bourilkov and L. Cadamuro and V. Cherepanov and F. Errico and R.D. Field and D. Guerrero and B.M. Joshi and M. Kim and J. Konigsberg and A. Korytov and K.H. Lo and K. Matchev and N. Menendez and G. Mitselmakher and D. Rosenzweig and K. Shi and J. Sturdy and J. Wang and X. Zuo and T. Adams and A. Askew and D. Diaz and R. Habibullah and S. Hagopian and V. Hagopian and K.F. Johnson and R. Khurana and T. Kolberg and G. Martinez and H. Prosper and C. Schiber and R. Yohay and J. Zhang and M.M. Baarmand and S. Butalla and T. Elkafrawy and M. Hohlmann and R. Kumar Verma and D. Noonan and M. Rahmani and M. Saunders and F. Yumiceva and M.R. Adams and L. Apanasevich and H. Becerril Gonzalez and R. Cavanaugh and X. Chen and S. Dittmer and O. Evdokimov and C.E. Gerber and D.A. Hangal and D.J. Hofman and C. Mills and G. Oh and T. Roy and M.B. Tonjes and N. Varelas and J. Viinikainen and X. Wang and Z. Wu and Z. Ye and M. Alhusseini and K. Dilsiz and S. Durgut and R.P. Gandrajula and M. Haytmyradov and V. Khristenko and O.K. Köseyan and J.-P. Merlo and A. Mestvirishvili and A. Moeller and J. Nachtman and H. Ogul and Y. Onel and F. Ozok and A. Penzo and C. Snyder and E. Tiras and J. Wetzel and O. Amram and B. Blumenfeld and L. Corcodilos and M. Eminizer and A.V. Gritsan and S. Kyriacou and P. Maksimovic and C. Mantilla and J. Roskes and M. Swartz and T.Á. Vámi and C. Baldenegro Barrera and P. Baringer and A. Bean and A. Bylinkin and T. Isidori and S. Khalil and J. King and G. Krintiras and A. Kropivnitskaya and C. Lindsey and N. Minafra and M. Murray and C. Rogan and C. Royon and S. Sanders and E. Schmitz and J.D. Tapia Takaki and Q. Wang and J. Williams and G. Wilson and S. Duric and A. Ivanov and K. Kaadze and D. Kim and Y. Maravin and T. Mitchell and A. Modak and A. Mohammadi and F. Rebassoo and D. Wright and E. Adams and A. Baden and O. Baron and A. Belloni and S.C. Eno and Y. Feng and N.J. Hadley and S. Jabeen and G.Y. Jeng and R.G. Kellogg and T. Koeth and A.C. Mignerey and S. Nabili and M. Seidel and A. Skuja and S.C. Tonwar and L. Wang and K. Wong and D. Abercrombie and B. Allen and R. Bi and S. Brandt and W. Busza and I.A. Cali and Y. Chen and M. D'Alfonso and G. Gomez Ceballos and M. Goncharov and P. Harris and D. Hsu and M. Hu and M. Klute and D. Kovalskyi and J. Krupa and Y.-J. Lee and P.D. Luckey and B. Maier and A.C. Marini and C. Mironov and S. Narayanan and X. Niu and C. Paus and D. Rankin and C. Roland and G. Roland and Z. Shi and G.S.F. Stephans and K. Sumorok and K. Tatar and D. Velicanu and J. Wang and T.W. Wang and Z. Wang and B. Wyslouch and R.M. Chatterjee and A. Evans and P. Hansen and J. Hiltbrand and Sh. Jain and M. Krohn and Y. Kubota and Z. Lesko and J. Mans and M. Revering and R. Rusack and R. Saradhy and N. Schroeder and N. Strobbe and M.A. Wadud and J.G. Acosta and S. Oliveros and K. Bloom and S. Chauhan and D.R. Claes and C. Fangmeier and L. Finco and F. Golf and J.R. González Fernández and C. Joo and I. Kravchenko and J.E. Siado and G.R. Snow and W. Tabb and F. Yan and G. Agarwal and H. Bandyopadhyay and L. Hay and I. Iashvili and A. Kharchilava and C. McLean and D. Nguyen and J. Pekkanen and S. Rappoccio and G. Alverson and E. Barberis and C. Freer and Y. Haddad and A. Hortiangtham and J. Li and G. Madigan and B. Marzocchi and D.M. Morse and V. Nguyen and T. Orimoto and A. Parker and L. Skinnari and A. Tishelman-Charny and T. Wamorkar and B. Wang and A. Wisecarver and D. Wood and S. Bhattacharya and J. Bueghly and Z. Chen and A. Gilbert and T. Gunter and K.A. Hahn and N. Odell and M.H. Schmitt and K. Sung and M. Velasco and R. Bucci and N. Dev and R. Goldouzian and M. Hildreth and K. Hurtado Anampa and C. Jessop and K. Lannon and N. Loukas and N. Marinelli and I. Mcalister and F. Meng and K. Mohrman and Y. Musienko and R. Ruchti and P. Siddireddy and M. Wayne and A. Wightman and M. Wolf and L. Zygala and J. Alimena and B. Bylsma and B. Cardwell and L.S. Durkin and B. Francis and C. Hill and A. Lefeld and B.L. Winer and B.R. Yates and B. Bonham and P. Das and G. Dezoort and P. Elmer and B. Greenberg and N. Haubrich and S. Higginbotham and A. Kalogeropoulos and G. Kopp and S. Kwan and D. Lange and M.T. Lucchini and J. Luo and D. Marlow and K. Mei and I. Ojalvo and J. Olsen and C. Palmer and P. Piroué and D. Stickland and C. Tully and S. Malik and S. Norberg and V.E. Barnes and R. Chawla and S. Das and L. Gutay and M. Jones and A.W. Jung and M. Liu and G. Negro and N. Neumeister and C.C. Peng and S. Piperov and A. Purohit and J.F. Schulte and M. Stojanovic and N. Trevisani and F. Wang and A. Wildridge and R. Xiao and W. Xie and J. Dolen and N. Parashar and A. Baty and S. Dildick and K.M. Ecklund and S. Freed and F.J.M. Geurts and A. Kumar and W. Li and B.P. Padley and R. Redjimi and J. Roberts and J. Rorie and W. Shi and A.G. Stahl Leiton and A. Bodek and P. de Barbaro and R. Demina and J.L. Dulemba and C. Fallon and T. Ferbel and M. Galanti and A. Garcia-Bellido and O. Hindrichs and A. Khukhunaishvili and E. Ranken and R. Taus and B. Chiarito and J.P. Chou and A. Gandrakota and Y. Gershtein and E. Halkiadakis and A. Hart and M. Heindl and E. Hughes and S. Kaplan and O. Karacheban and I. Laflotte and A. Lath and R. Montalvo and K. Nash and M. Osherson and S. Salur and S. Schnetzer and S. Somalwar and R. Stone and S.A. Thayil and S. Thomas and H. Wang and H. Acharya and A.G. Delannoy and S. Spanier and O. Bouhali and M. Dalchenko and A. Delgado and R. Eusebi and J. Gilmore and T. Huang and T. Kamon and H. Kim and S. Luo and S. Malhotra and R. Mueller and D. Overton and L. Perniè and D. Rathjens and A. Safonov and N. Akchurin and J. Damgov and V. Hegde and S. Kunori and K. Lamichhane and S.W. Lee and T. Mengke and S. Muthumuni and T. Peltola and S. Undleeb and I. Volobouev and Z. Wang and A. Whitbeck and E. Appelt and S. Greene and A. Gurrola and R. Janjam and W. Johns and C. Maguire and A. Melo and H. Ni and K. Padeken and F. Romeo and P. Sheldon and S. Tuo and J. Velkovska and M.W. Arenton and B. Cox and G. Cummings and J. Hakala and R. Hirosky and M. Joyce and A. Ledovskoy and A. Li and C. Neu and B. Tannenwald and E. Wolfe and P.E. Karchin and N. Poudyal and P. Thapa and K. Black and T. Bose and J. Buchanan and C. Caillol and S. Dasu and I. De Bruyn and P. Everaerts and C. Galloni and H. He and M. Herndon and A. Hervé and U. Hussain and A. Lanaro and A. Loeliger and R. Loveless and J. Madhusudanan Sreekala and A. Mallampalli and D. Pinna and A. Savin and V. Shang and V. Sharma and W.H. Smith and D. Teague and S. Trembath-Reichert},
    title = {Electron and photon reconstruction and identification with the CMS experiment at the CERN LHC},
    journal = {Journal of Instrumentation},
}

@article{CMS_Collaboration_2008,
    doi = {10.1088/1748-0221/3/08/S08004},
    url = {https://dx.doi.org/10.1088/1748-0221/3/08/S08004},
    year = {2008},
    month = {8},
    publisher = {},
    volume = {3},
    number = {08},
    pages = {S08004},
    collaboration = {CMS Collaboration},
    author = {S Chatrchyan and  G Hmayakyan and  V Khachatryan and  A M Sirunyan and  W Adam and  T Bauer and  T Bergauer and  H Bergauer and  M Dragicevic and  J Erö and  M Friedl and  R Frühwirth and  V M Ghete and  P Glaser and  C Hartl and  N Hoermann and  J Hrubec and  S Hänsel and  M Jeitler and  K Kastner and  M Krammer and  I Magrans de Abril and  M Markytan and  I Mikulec and  B Neuherz and  T Nöbauer and  M Oberegger and  M Padrta and  M Pernicka and  P Porth and  H Rohringer and  S Schmid and  T Schreiner and  R Stark and  H Steininger and  J Strauss and  A Taurok and  D Uhl and  W Waltenberger and  G Walzel and  E Widl and  C-E Wulz and  V Petrov and  V Prosolovich and  V Chekhovsky and  O Dvornikov and  I Emeliantchik and  A Litomin and  V Makarenko and  I Marfin and  V Mossolov and  N Shumeiko and  A Solin and  R Stefanovitch and  J Suarez Gonzalez and  A Tikhonov and  A Fedorov and  M Korzhik and  O Missevitch and  R Zuyeuski and  W Beaumont and  M Cardaci and  E De Langhe and  E A De Wolf and  E Delmeire and  S Ochesanu and  M Tasevsky and  P Van Mechelen and  J D'Hondt and  S De Weirdt and  O Devroede and  R Goorens and  S Hannaert and  J Heyninck and  J Maes and  M U Mozer and  S Tavernier and  W Van Doninck and  L Van Lancker and  P Van Mulders and  I Villella and  C Wastiels and  C Yu and  O Bouhali and  O Charaf and  B Clerbaux and  P De Harenne and  G De Lentdecker and  J P Dewulf and  S Elgammal and  R Gindroz and  G H Hammad and  T Mahmoud and  L Neukermans and  M Pins and  R Pins and  S Rugovac and  J Stefanescu and  V Sundararajan and  C Vander Velde and  P Vanlaer and  J Wickens and  M Tytgat and  S Assouak and  J L Bonnet and  G Bruno and  J Caudron and  B De Callatay and  J De Favereau De Jeneret and  S De Visscher and  P Demin and  D Favart and  C Felix and  B Florins and  E Forton and  A Giammanco and  G Grégoire and  M Jonckman and  D Kcira and  T Keutgen and  V Lemaitre and  D Michotte and  O Militaru and  S Ovyn and  T Pierzchala and  K Piotrzkowski and  V Roberfroid and  X Rouby and  N Schul and  O Van der Aa and  N Beliy and  E Daubie and  P Herquet and  G Alves and  M E Pol and  M H G Souza and  M Vaz and  D De Jesus Damiao and  V Oguri and  A Santoro and  A Sznajder and  E De Moraes Gregores and  R L Iope and  S F Novaes and  T Tomei and  T Anguelov and  G Antchev and  I Atanasov and  J Damgov and  N Darmenov and  L Dimitrov and  V Genchev and  P Iaydjiev and  A Marinov and  S Piperov and  S Stoykova and  G Sultanov and  R Trayanov and  I Vankov and  C Cheshkov and  A Dimitrov and  M Dyulendarova and  I Glushkov and  V Kozhuharov and  L Litov and  M Makariev and  E Marinova and  S Markov and  M Mateev and  I Nasteva and  B Pavlov and  P Petev and  P Petkov and  V Spassov and  Z Toteva and  V Velev and  V Verguilov and  J G Bian and  G M Chen and  H S Chen and  M Chen and  C H Jiang and  B Liu and  X Y Shen and  H S Sun and  J Tao and  J Wang and  M Yang and  Z Zhang and  W R Zhao and  H L Zhuang and  Y Ban and  J Cai and  Y C Ge and  S Liu and  H T Liu and  L Liu and  S J Qian and  Q Wang and  Z H Xue and  Z C Yang and  Y L Ye and  J Ying and  P J Li and  J Liao and  Z L Xue and  D S Yan and  H Yuan and  C A Carrillo Montoya and  J C Sanabria and  N Godinovic and  I Puljak and  I Soric and  Z Antunovic and  M Dzelalija and  K Marasovic and  V Brigljevic and  K Kadija and  S Morovic and  R Fereos and  C Nicolaou and  A Papadakis and  F Ptochos and  P A Razis and  D Tsiakkouri and  Z Zinonos and  A Hektor and  M Kadastik and  K Kannike and  E Lippmaa and  M Müntel and  M Raidal and  L Rebane and  P A Aarnio and  E Anttila and  K Banzuzi and  P Bulteau and  S Czellar and  N Eiden and  C Eklund and  P Engstrom and  A Heikkinen and  A Honkanen and  J Härkönen and  V Karimäki and  H M Katajisto and  R Kinnunen and  J Klem and  J Kortesmaa and  M Kotamäki and  A Kuronen and  T Lampén and  K Lassila-Perini and  V Lefébure and  S Lehti and  T Lindén and  P R Luukka and  S Michal and  F Moura Brigido and  T Mäenpää and  T Nyman and  J Nystén and  E Pietarinen and  K Skog and  K Tammi and  E Tuominen and  J Tuominiemi and  D Ungaro and  T P Vanhala and  L Wendland and  C Williams and  M Iskanius and  A Korpela and  G Polese and  T Tuuva and  G Bassompierre and  A Bazan and  P Y David and  J Ditta and  G Drobychev and  N Fouque and  J P Guillaud and  V Hermel and  A Karneyeu and  T Le Flour and  S Lieunard and  M Maire and  P Mendiburu and  P Nedelec and  J P Peigneux and  M Schneegans and  D Sillou and  J P Vialle and  M Anfreville and  J P Bard and  P Besson and  E Bougamont and  M Boyer and  P Bredy and  R Chipaux and  M Dejardin and  D Denegri and  J Descamps and  B Fabbro and  J L Faure and  S Ganjour and  F X Gentit and  A Givernaud and  P Gras and  G Hamel de Monchenault and  P Jarry and  C Jeanney and  F Kircher and  M C Lemaire and  Y Lemoigne and  B Levesy and  E Locci and  J P Lottin and  I Mandjavidze and  M Mur and  J P Pansart and  A Payn and  J Rander and  J M Reymond and  J Rolquin and  F Rondeaux and  A Rosowsky and  J Y A Rousse and  Z H Sun and  J Tartas and  A Van Lysebetten and  P Venault and  P Verrecchia and  M Anduze and  J Badier and  S Baffioni and  M Bercher and  C Bernet and  U Berthon and  J Bourotte and  A Busata and  P Busson and  M Cerutti and  D Chamont and  C Charlot and  C Collard and  A Debraine and  D Decotigny and  L Dobrzynski and  O Ferreira and  Y Geerebaert and  J Gilly and  C Gregory and  L Guevara Riveros and  M Haguenauer and  A Karar and  B Koblitz and  D Lecouturier and  A Mathieu and  G Milleret and  P Miné and  P Paganini and  P Poilleux and  N Pukhaeva and  N Regnault and  T Romanteau and  I Semeniouk and  Y Sirois and  C Thiebaux and  J C Vanel and  A Zabi and  J L Agram and  A Albert and  L Anckenmann and  J Andrea and  F Anstotz and  A M Bergdolt and  J D Berst and  R Blaes and  D Bloch and  J M Brom and  J Cailleret and  F Charles and  E Christophel and  G Claus and  J Coffin and  C Colledani and  J Croix and  E Dangelser and  N Dick and  F Didierjean and  F Drouhin and  W Dulinski and  J P Ernenwein and  R Fang and  J C Fontaine and  G Gaudiot and  W Geist and  D Gelé and  T Goeltzenlichter and  U Goerlach and  P Graehling and  L Gross and  C Guo Hu and  J M Helleboid and  T Henkes and  M Hoffer and  C Hoffmann and  J Hosselet and  L Houchu and  Y Hu and  D Huss and  C Illinger and  F Jeanneau and  P Juillot and  T Kachelhoffer and  M R Kapp and  H Kettunen and  L Lakehal Ayat and  A C Le Bihan and  A Lounis and  C Maazouzi and  V Mack and  P Majewski and  D Mangeol and  J Michel and  S Moreau and  C Olivetto and  A Pallarès and  Y Patois and  P Pralavorio and  C Racca and  Y Riahi and  I Ripp-Baudot and  P Schmitt and  J P Schunck and  G Schuster and  B Schwaller and  M H Sigward and  J L Sohler and  J Speck and  R Strub and  T Todorov and  R Turchetta and  P Van Hove and  D Vintache and  A Zghiche and  M Ageron and  J E Augustin and  C Baty and  G Baulieu and  M Bedjidian and  J Blaha and  A Bonnevaux and  G Boudoul and  P Brunet and  E Chabanat and  E C Chabert and  R Chierici and  V Chorowicz and  C Combaret and  D Contardo and  R Della Negra and  P Depasse and  O Drapier and  M Dupanloup and  T Dupasquier and  H El Mamouni and  N Estre and  J Fay and  S Gascon and  N Giraud and  C Girerd and  G Guillot and  R Haroutunian and  B Ille and  M Lethuillier and  N Lumb and  C Martin and  H Mathez and  G Maurelli and  S Muanza and  P Pangaud and  S Perries and  O Ravat and  E Schibler and  F Schirra and  G Smadja and  S Tissot and  B Trocme and  S Vanzetto and  J P Walder and  Y Bagaturia and  D Mjavia and  A Mzhavia and  Z Tsamalaidze and  V Roinishvili and  R Adolphi and  G Anagnostou and  R Brauer and  W Braunschweig and  H Esser and  L Feld and  W Karpinski and  A Khomich and  K Klein and  C Kukulies and  K Lübelsmeyer and  J Olzem and  A Ostaptchouk and  D Pandoulas and  G Pierschel and  F Raupach and  S Schael and  A Schultz von Dratzig and  G Schwering and  R Siedling and  M Thomas and  M Weber and  B Wittmer and  M Wlochal and  F Adamczyk and  A Adolf and  G Altenhöfer and  S Bechstein and  S Bethke and  P Biallass and  O Biebel and  M Bontenackels and  K Bosseler and  A Böhm and  M Erdmann and  H Faissner and  B Fehr and  H Fesefeldt and  G Fetchenhauer and  J Frangenheim and  J H Frohn and  J Grooten and  T Hebbeker and  S Hermann and  E Hermens and  G Hilgers and  K Hoepfner and  C Hof and  E Jacobi and  S Kappler and  M Kirsch and  P Kreuzer and  R Kupper and  H R Lampe and  D Lanske and  R Mameghani and  A Meyer and  S Meyer and  T Moers and  E Müller and  R Pahlke and  B Philipps and  D Rein and  H Reithler and  W Reuter and  P Rütten and  S Schulz and  H Schwarthoff and  W Sobek and  M Sowa and  T Stapelberg and  H Szczesny and  H Teykal and  D Teyssier and  H Tomme and  W Tomme and  M Tonutti and  O Tsigenov and  J Tutas and  J Vandenhirtz and  H Wagner and  M Wegner and  C Zeidler and  F Beissel and  M Davids and  M Duda and  G Flügge and  M Giffels and  T Hermanns and  D Heydhausen and  S Kalinin and  S Kasselmann and  G Kaussen and  T Kress and  A Linn and  A Nowack and  L Perchalla and  M Poettgens and  O Pooth and  P Sauerland and  A Stahl and  D Tornier and  M H Zoeller and  U Behrens and  K Borras and  A Flossdorf and  D Hatton and  B Hegner and  M Kasemann and  R Mankel and  A Meyer and  J Mnich and  C Rosemann and  C Youngman and  W D Zeuner and  F Bechtel and  P Buhmann and  E Butz and  G Flucke and  R H Hamdorf and  U Holm and  R Klanner and  U Pein and  N Schirm and  P Schleper and  G Steinbrück and  R Van Staa and  R Wolf and  B Atz and  T Barvich and  P Blüm and  F Boegelspacher and  H Bol and  Z Y Chen and  S Chowdhury and  W De Boer and  P Dehm and  G Dirkes and  M Fahrer and  U Felzmann and  M Frey and  A Furgeri and  E Gregoriev and  F Hartmann and  F Hauler and  S Heier and  K Kärcher and  B Ledermann and  S Mueller and  Th Müller and  D Neuberger and  C Piasecki and  G Quast and  K Rabbertz and  A Sabellek and  A Scheurer and  F P Schilling and  H J Simonis and  A Skiba and  P Steck and  A Theel and  W H Thümmel and  A Trunov and  A Vest and  T Weiler and  C Weiser and  S Weseler and  V Zhukov and  M Barone and  G Daskalakis and  N Dimitriou and  G Fanourakis and  C Filippidis and  T Geralis and  C Kalfas and  K Karafasoulis and  A Koimas and  A Kyriakis and  S Kyriazopoulou and  D Loukas and  A Markou and  C Markou and  N Mastroyiannopoulos and  C Mavrommatis and  J Mousa and  I Papadakis and  E Petrakou and  I Siotis and  K Theofilatos and  S Tzamarias and  A Vayaki and  G Vermisoglou and  A Zachariadou and  L Gouskos and  G Karapostoli and  P Katsas and  A Panagiotou and  C Papadimitropoulos and  X Aslanoglou and  I Evangelou and  P Kokkas and  N Manthos and  I Papadopoulos and  F A Triantis and  G Bencze and  L Boldizsar and  G Debreczeni and  C Hajdu and  P Hidas and  D Horvath and  P Kovesarki and  A Laszlo and  G Odor and  G Patay and  F Sikler and  G Veres and  G Vesztergombi and  P Zalan and  A Fenyvesi and  J Imrek and  J Molnar and  D Novak and  J Palinkas and  G Szekely and  N Beni and  A Kapusi and  G Marian and  B Radics and  P Raics and  Z Szabo and  Z Szillasi and  Z L Trocsanyi and  G Zilizi and  H S Bawa and  S B Beri and  V Bhandari and  V Bhatnagar and  M Kaur and  J M Kohli and  A Kumar and  B Singh and  J B Singh and  S Arora and  S Bhattacharya and  S Chatterji and  S Chauhan and  B C Choudhary and  P Gupta and  M Jha and  K Ranjan and  R K Shivpuri and  A K Srivastava and  R K Choudhury and  D Dutta and  M Ghodgaonkar and  S Kailas and  S K Kataria and  A K Mohanty and  L M Pant and  P Shukla and  A Topkar and  T Aziz and  Sunanda Banerjee and  S Bose and  S Chendvankar and  P V Deshpande and  M Guchait and  A Gurtu and  M Maity and  G Majumder and  K Mazumdar and  A Nayak and  M R Patil and  S Sharma and  K Sudhakar and  B S Acharya and  Sudeshna Banerjee and  S Bheesette and  S Dugad and  S D Kalmani and  V R Lakkireddi and  N K Mondal and  N Panyam and  P Verma and  H Arfaei and  M Hashemi and  M Mohammadi Najafabadi and  A Moshaii and  S Paktinat Mehdiabadi and  M Felcini and  M Grunewald and  K Abadjiev and  M Abbrescia and  L Barbone and  P Cariola and  F Chiumarulo and  A Clemente and  A Colaleo and  D Creanza and  N De Filippis and  M De Palma and  G De Robertis and  G Donvito and  R Ferorelli and  L Fiore and  M Franco and  D Giordano and  R Guida and  G Iaselli and  N Lacalamita and  F Loddo and  G Maggi and  M Maggi and  N Manna and  B Marangelli and  M S Mennea and  S My and  S Natali and  S Nuzzo and  G Papagni and  C Pinto and  A Pompili and  G Pugliese and  A Ranieri and  F Romano and  G Roselli and  G Sala and  G Selvaggi and  L Silvestris and  P Tempesta and  R Trentadue and  S Tupputi and  G Zito and  G Abbiendi and  W Bacchi and  C Battilana and  A C Benvenuti and  M Boldini and  D Bonacorsi and  S Braibant-Giacomelli and  V D Cafaro and  P Capiluppi and  A Castro and  F R Cavallo and  C Ciocca and  G Codispoti and  M Cuffiani and  I D'Antone and  G M Dallavalle and  F Fabbri and  A Fanfani and  S Finelli and  P Giacomelli and  V Giordano and  M Giunta and  C Grandi and  M Guerzoni and  L Guiducci and  S Marcellini and  G Masetti and  A Montanari and  F L Navarria and  F Odorici and  A Paolucci and  G Pellegrini and  A Perrotta and  A M Rossi and  T Rovelli and  G P Siroli and  G Torromeo and  R Travaglini and  G P Veronese and  S Albergo and  M Chiorboli and  S Costa and  M Galanti and  G Gatto Rotondo and  N Giudice and  N Guardone and  F Noto and  R Potenza and  M A Saizu and  G Salemi and  C Sutera and  A Tricomi and  C Tuve and  L Bellucci and  M Brianzi and  G Broccolo and  E Catacchini and  V Ciulli and  C Civinini and  R D'Alessandro and  E Focardi and  S Frosali and  C Genta and  G Landi and  P Lenzi and  A Macchiolo and  F Maletta and  F Manolescu and  C Marchettini and  L Masetti and  S Mersi and  M Meschini and  C Minelli and  S Paoletti and  G Parrini and  E Scarlini and  G Sguazzoni and  L Benussi and  M Bertani and  S Bianco and  M Caponero and  D Colonna and  L Daniello and  F Fabbri and  F Felli and  M Giardoni and  A La Monaca and  B Ortenzi and  M Pallotta and  A Paolozzi and  C Paris and  L Passamonti and  D Pierluigi and  B Ponzio and  C Pucci and  A Russo and  G Saviano and  P Fabbricatore and  S Farinon and  M Greco and  R Musenich and  S Badoer and  L Berti and  M Biasotto and  S Fantinel and  E Frizziero and  U Gastaldi and  M Gulmini and  F Lelli and  G Maron and  S Squizzato and  N Toniolo and  S Traldi and  S Banfi and  R Bertoni and  M Bonesini and  L Carbone and  G B Cerati and  F Chignoli and  P D'Angelo and  A De Min and  P Dini and  F M Farina and  F Ferri and  P Govoni and  S Magni and  M Malberti and  S Malvezzi and  R Mazza and  D Menasce and  V Miccio and  L Moroni and  P Negri and  M Paganoni and  D Pedrini and  A Pullia and  S Ragazzi and  N Redaelli and  M Rovere and  L Sala and  S Sala and  R Salerno and  T Tabarelli de Fatis and  V Tancini and  S Taroni and  A Boiano and  F Cassese and  C Cassese and  A Cimmino and  B D'Aquino and  L Lista and  D Lomidze and  P Noli and  P Paolucci and  G Passeggio and  D Piccolo and  L Roscilli and  C Sciacca and  A Vanzanella and  P Azzi and  N Bacchetta and  L Barcellan and  M Bellato and  M Benettoni and  D Bisello and  E Borsato and  A Candelori and  R Carlin and  L Castellani and  P Checchia and  L Ciano and  A Colombo and  E Conti and  M Da Rold and  F Dal Corso and  M De Giorgi and  M De Mattia and  T Dorigo and  U Dosselli and  C Fanin and  G Galet and  F Gasparini and  U Gasparini and  A Giraldo and  P Giubilato and  F Gonella and  A Gresele and  A Griggio and  P Guaita and  A Kaminskiy and  S Karaevskii and  V Khomenkov and  D Kostylev and  S Lacaprara and  I Lazzizzera and  I Lippi and  M Loreti and  M Margoni and  R Martinelli and  S Mattiazzo and  M Mazzucato and  A T Meneguzzo and  L Modenese and  F Montecassiano and  A Neviani and  M Nigro and  A Paccagnella and  D Pantano and  A Parenti and  M Passaseo and  R Pedrotta and  M Pegoraro and  G Rampazzo and  S Reznikov and  P Ronchese and  A Sancho Daponte and  P Sartori and  I Stavitskiy and  M Tessaro and  E Torassa and  A Triossi and  S Vanini and  S Ventura and  L Ventura and  M Verlato and  M Zago and  F Zatti and  P Zotto and  G Zumerle and  P Baesso and  G Belli and  U Berzano and  S Bricola and  A Grelli and  G Musitelli and  R Nardò and  M M Necchi and  D Pagano and  S P Ratti and  C Riccardi and  P Torre and  A Vicini and  P Vitulo and  C Viviani and  D Aisa and  S Aisa and  F Ambroglini and  M M Angarano and  E Babucci and  D Benedetti and  M Biasini and  G M Bilei and  S Bizzaglia and  M T Brunetti and  B Caponeri and  B Checcucci and  R Covarelli and  N Dinu and  L Fanò and  L Farnesini and  M Giorgi and  P Lariccia and  G Mantovani and  F Moscatelli and  D Passeri and  A Piluso and  P Placidi and  V Postolache and  R Santinelli and  A Santocchia and  L Servoli and  D Spiga and  P Azzurri and  G Bagliesi and  G Balestri and  A Basti and  R Bellazzini and  L Benucci and  J Bernardini and  L Berretta and  S Bianucci and  T Boccali and  A Bocci and  L Borrello and  F Bosi and  F Bracci and  A Brez and  F Calzolari and  R Castaldi and  U Cazzola and  M Ceccanti and  R Cecchi and  C Cerri and  A S Cucoanes and  R Dell'Orso and  D Dobur and  S Dutta and  F Fiori and  L Foà and  A Gaggelli and  S Gennai and  A Giassi and  S Giusti and  D Kartashov and  A Kraan and  L Latronico and  F Ligabue and  S Linari and  T Lomtadze and  G A Lungu and  G Magazzu and  P Mammini and  F Mariani and  G Martinelli and  M Massa and  A Messineo and  A Moggi and  F Palla and  F Palmonari and  G Petragnani and  G Petrucciani and  A Profeti and  F Raffaelli and  D Rizzi and  G Sanguinetti and  S Sarkar and  G Segneri and  D Sentenac and  A T Serban and  A Slav and  P Spagnolo and  G Spandre and  R Tenchini and  S Tolaini and  G Tonelli and  A Venturi and  P G Verdini and  M Vos and  L Zaccarelli and  S Baccaro and  L Barone and  A Bartoloni and  B Borgia and  G Capradossi and  F Cavallari and  A Cecilia and  D D'Angelo and  I Dafinei and  D Del Re and  E Di Marco and  M Diemoz and  G Ferrara and  C Gargiulo and  S Guerra and  M Iannone and  E Longo and  M Montecchi and  M Nuccetelli and  G Organtini and  A Palma and  R Paramatti and  F Pellegrino and  S Rahatlou and  C Rovelli and  F Safai Tehrani and  A Zullo and  G Alampi and  N Amapane and  R Arcidiacono and  S Argiro and  M Arneodo and  R Bellan and  F Benotto and  C Biino and  S Bolognesi and  M A Borgia and  C Botta and  A Brasolin and  N Cartiglia and  R Castello and  G Cerminara and  R Cirio and  M Cordero and  M Costa and  D Dattola and  F Daudo and  G Dellacasa and  N Demaria and  G Dughera and  F Dumitrache and  R Farano and  G Ferrero and  E Filoni and  G Kostyleva and  H E Larsen and  C Mariotti and  M Marone and  S Maselli and  E Menichetti and  P Mereu and  E Migliore and  G Mila and  V Monaco and  M Musich and  M Nervo and  M M Obertino and  R Panero and  A Parussa and  N Pastrone and  C Peroni and  G Petrillo and  A Romero and  M Ruspa and  R Sacchi and  M Scalise and  A Solano and  A Staiano and  P P Trapani and  D Trocino and  V Vaniev and  A Vilela Pereira and  A Zampieri and  S Belforte and  F Cossutti and  G Della Ricca and  B Gobbo and  C Kavka and  A Penzo and  Y E Kim and  S K Nam and  D H Kim and  G N Kim and  J C Kim and  D J Kong and  S R Ro and  D C Son and  S Y Park and  Y J Kim and  J Y Kim and  I T Lim and  M Y Pac and  S J Lee and  S Y Jung and  J T Rhee and  S H Ahn and  B S Hong and  Y K Jeng and  M H Kang and  H C Kim and  J H Kim and  T J Kim and  K S Lee and  J K Lim and  D H Moon and  I C Park and  S K Park and  M S Ryu and  K-S Sim and  K J Son and  S J Hong and  Y I Choi and  H Castilla Valdez and  A Sanchez Hernandez and  S Carrillo Moreno and  A Morelos Pineda and  A Aerts and  P Van der Stok and  H Weffers and  P Allfrey and  R N C Gray and  M Hashimoto and  D Krofcheck and  A J Bell and  N Bernardino Rodrigues and  P H Butler and  S Churchwell and  R Knegjens and  S Whitehead and  J C Williams and  Z Aftab and  U Ahmad and  I Ahmed and  W Ahmed and  M I Asghar and  S Asghar and  G Dad and  M Hafeez and  H R Hoorani and  I Hussain and  N Hussain and  M Iftikhar and  M S Khan and  K Mehmood and  A Osman and  H Shahzad and  A R Zafar and  A Ali and  A Bashir and  A M Jan and  A Kamal and  F Khan and  M Saeed and  S Tanwir and  M A Zafar and  J Blocki and  A Cyz and  E Gladysz-Dziadus and  S Mikocki and  M Rybczynski and  J Turnau and  Z Wlodarczyk and  P Zychowski and  K Bunkowski and  M Cwiok and  H Czyrkowski and  R Dabrowski and  W Dominik and  K Doroba and  A Kalinowski and  K Kierzkowski and  M Konecki and  J Krolikowski and  I M Kudla and  M Pietrusinski and  K Pozniak and  W Zabolotny and  P Zych and  R Gokieli and  L Goscilo and  M Górski and  K Nawrocki and  P Traczyk and  G Wrochna and  P Zalewski and  K T Pozniak and  R Romaniuk and  W M Zabolotny and  R Alemany-Fernandez and  C Almeida and  N Almeida and  A S Araujo Vila Verde and  T Barata Monteiro and  M Bluj and  S Da Mota Silva and  A David Tinoco Mendes and  M Freitas Ferreira and  M Gallinaro and  M Husejko and  A Jain and  M Kazana and  P Musella and  R Nobrega and  J Rasteiro Da Silva and  P Q Ribeiro and  M Santos and  P Silva and  S Silva and  I Teixeira and  J P Teixeira and  J Varela and  G Varner and  N Vaz Cardoso and  I Altsybeev and  K Babich and  A Belkov and  I Belotelov and  P Bunin and  S Chesnevskaya and  V Elsha and  Y Ershov and  I Filozova and  M Finger and  M Finger Jr and  A Golunov and  I Golutvin and  N Gorbounov and  I Gramenitski and  V Kalagin and  A Kamenev and  V Karjavin and  S Khabarov and  V Khabarov and  Y Kiryushin and  V Konoplyanikov and  V Korenkov and  G Kozlov and  A Kurenkov and  A Lanev and  V Lysiakov and  A Malakhov and  I Melnitchenko and  V V Mitsyn and  K Moisenz and  P Moisenz and  S Movchan and  E Nikonov and  D Oleynik and  V Palichik and  V Perelygin and  A Petrosyan and  E Rogalev and  V Samsonov and  M Savina and  R Semenov and  S Sergeev and  S Shmatov and  S Shulha and  V Smirnov and  D Smolin and  A Tcheremoukhine and  O Teryaev and  E Tikhonenko and  A Urkinbaev and  S Vasil'ev and  A Vishnevskiy and  A Volodko and  N Zamiatin and  A Zarubin and  P Zarubin and  E Zubarev and  N Bondar and  Y Gavrikov and  V Golovtsov and  Y Ivanov and  V Kim and  V Kozlov and  V Lebedev and  G Makarenkov and  F Moroz and  P Neustroev and  G Obrant and  E Orishchin and  A Petrunin and  Y Shcheglov and  A Shchetkovskiy and  V Sknar and  V Skorobogatov and  I Smirnov and  V Sulimov and  V Tarakanov and  L Uvarov and  S Vavilov and  G Velichko and  S Volkov and  A Vorobyev and  D Chmelev and  D Druzhkin and  A Ivanov and  V Kudinov and  O Logatchev and  S Onishchenko and  A Orlov and  V Sakharov and  V Smetannikov and  A Tikhomirov and  S Zavodthikov and  Yu Andreev and  A Anisimov and  V Duk and  S Gninenko and  N Golubev and  D Gorbunov and  M Kirsanov and  N Krasnikov and  V Matveev and  A Pashenkov and  A Pastsyak and  V E Postoev and  A Sadovski and  A Skassyrskaia and  Alexander Solovey and  Anatoly Solovey and  D Soloviev and  A Toropin and  S Troitsky and  A Alekhin and  A Baldov and  V Epshteyn and  V Gavrilov and  N Ilina and  V Kaftanov and  V Karpishin and  I Kiselevich and  V Kolosov and  M Kossov and  A Krokhotin and  S Kuleshov and  A Oulianov and  A Pozdnyakov and  G Safronov and  S Semenov and  N Stepanov and  V Stolin and  E Vlasov and  V Zaytsev and  E Boos and  M Dubinin and  L Dudko and  A Ershov and  G Eyyubova and  A Gribushin and  V Ilyin and  V Klyukhin and  O Kodolova and  N A Kruglov and  A Kryukov and  I Lokhtin and  L Malinina and  V Mikhaylin and  S Petrushanko and  L Sarycheva and  V Savrin and  L Shamardin and  A Sherstnev and  A Snigirev and  K Teplov and  I Vardanyan and  A M Fomenko and  N Konovalova and  V Kozlov and  A I Lebedev and  N Lvova and  S V Rusakov and  A Terkulov and  V Abramov and  S Akimenko and  A Artamonov and  A Ashimova and  I Azhgirey and  S Bitioukov and  O Chikilev and  K Datsko and  A Filine and  A Godizov and  P Goncharov and  V Grishin and  A Inyakin and  V Kachanov and  A Kalinin and  A Khmelnikov and  D Konstantinov and  A Korablev and  V Krychkine and  A Krinitsyn and  A Levine and  I Lobov and  V Lukanin and  Y Mel'nik and  V Molchanov and  V Petrov and  V Petukhov and  V Pikalov and  A Ryazanov and  R Ryutin and  V Shelikhov and  V Skvortsov and  S Slabospitsky and  A Sobol and  A Sytine and  V Talov and  L Tourtchanovitch and  S Troshin and  N Tyurin and  A Uzunian and  A Volkov and  S Zelepoukine and  V Lukyanov and  G Mamaeva and  Z Prilutskaya and  I Rumyantsev and  S Sokha and  S Tataurschikov and  I Vasilyev and  P Adzic and  I Anicin and  M Djordjevic and  D Jovanovic and  D Maletic and  J Puzovic and  N Smiljkovic and  E Aguayo Navarrete and  M Aguilar-Benitez and  J Ahijado Munoz and  J M Alarcon Vega and  J Alberdi and  J Alcaraz Maestre and  M Aldaya Martin and  P Arce and  J M Barcala and  J Berdugo and  C L Blanco Ramos and  C Burgos Lazaro and  J Caballero Bejar and  E Calvo and  M Cerrada and  M Chamizo Llatas and  J J Chercoles Catalán and  N Colino and  M Daniel and  B De La Cruz and  A Delgado Peris and  C Fernandez Bedoya and  A Ferrando and  M C Fouz and  D Francia Ferrero and  J Garcia Romero and  P Garcia-Abia and  O Gonzalez Lopez and  J M Hernandez and  M I Josa and  J Marin and  G Merino and  A Molinero and  J J Navarrete and  J C Oller and  J Puerta Pelayo and  J C Puras Sanchez and  J Ramirez and  L Romero and  C Villanueva Munoz and  C Willmott and  C Yuste and  C Albajar and  J F de Trocóniz and  I Jimenez and  R Macias and  R F Teixeira and  J Cuevas and  J Fernández Menéndez and  I Gonzalez Caballero and  J Lopez-Garcia and  H Naves Sordo and  J M Vizan Garcia and  I J Cabrillo and  A Calderon and  D Cano Fernandez and  I Diaz Merino and  J Duarte Campderros and  M Fernandez and  J Fernandez Menendez and  C Figueroa and  L A Garcia Moral and  G Gomez and  F Gomez Casademunt and  J Gonzalez Sanchez and  R Gonzalez Suarez and  C Jorda and  P Lobelle Pardo and  A Lopez Garcia and  A Lopez Virto and  J Marco and  R Marco and  C Martinez Rivero and  P Martinez Ruiz del Arbol and  F Matorras and  P Orviz Fernandez and  A Patino Revuelta and  T Rodrigo and  D Rodriguez Gonzalez and  A Ruiz Jimeno and  L Scodellaro and  M Sobron Sanudo and  I Vila and  R Vilar Cortabitarte and  M Barbero and  D Goldin and  B Henrich and  L Tauscher and  S Vlachos and  M Wadhwa and  D Abbaneo and  S M Abbas and  I Ahmed and  S Akhtar and  M I Akhtar and  E Albert and  M Alidra and  S Ashby and  P Aspell and  E Auffray and  P Baillon and  A Ball and  S L Bally and  N Bangert and  R Barillère and  D Barney and  S Beauceron and  F Beaudette and  G Benelli and  R Benetta and  J L Benichou and  W Bialas and  A Bjorkebo and  D Blechschmidt and  C Bloch and  P Bloch and  S Bonacini and  J Bos and  M Bosteels and  V Boyer and  A Branson and  H Breuker and  R Bruneliere and  O Buchmuller and  D Campi and  T Camporesi and  A Caner and  E Cano and  E Carrone and  A Cattai and  J P Chatelain and  M Chauvey and  T Christiansen and  M Ciganek and  S Cittolin and  J Cogan and  A Conde Garcia and  H Cornet and  E Corrin and  M Corvo and  S Cucciarelli and  B Curé and  D D'Enterria and  A De Roeck and  T de Visser and  C Delaere and  M Delattre and  C Deldicque and  D Delikaris and  D Deyrail and  S Di Vincenzo and  A Domeniconi and  S Dos Santos and  G Duthion and  L M Edera and  A Elliott-Peisert and  M Eppard and  F Fanzago and  M Favre and  H Foeth and  R Folch and  N Frank and  S Fratianni and  M A Freire and  A Frey and  A Fucci and  W Funk and  A Gaddi and  F Gagliardi and  M Gastal and  M Gateau and  J C Gayde and  H Gerwig and  A Ghezzi and  D Gigi and  K Gill and  A S Giolo-Nicollerat and  J P Girod and  F Glege and  W Glessing and  R Gomez-Reino Garrido and  R Goudard and  R Grabit and  J P Grillet and  P Gutierrez Llamas and  E Gutierrez Mlot and  J Gutleber and  R Hall-wilton and  R Hammarstrom and  M Hansen and  J Harvey and  A Hervé and  J Hill and  H F Hoffmann and  A Holzner and  A Honma and  D Hufnagel and  M Huhtinen and  S D Ilie and  V Innocente and  W Jank and  P Janot and  P Jarron and  M Jeanrenaud and  P Jouvel and  R Kerkach and  K Kloukinas and  L J Kottelat and  J C Labbé and  D Lacroix and  X Lagrue and  C Lasseur and  E Laure and  J F Laurens and  P Lazeyras and  J M Le Goff and  M Lebeau and  P Lecoq and  F Lemeilleur and  M Lenzi and  N Leonardo and  C Leonidopoulos and  M Letheren and  M Liendl and  F Limia-Conde and  L Linssen and  C Ljuslin and  B Lofstedt and  R Loos and  J A Lopez Perez and  C Lourenco and  A Lyonnet and  A Machard and  R Mackenzie and  N Magini and  G Maire and  L Malgeri and  R Malina and  M Mannelli and  A Marchioro and  J Martin and  F Meijers and  P Meridiani and  E Meschi and  T Meyer and  A Meynet Cordonnier and  J F Michaud and  L Mirabito and  R Moser and  F Mossiere and  J Muffat-Joly and  M Mulders and  J Mulon and  E Murer and  P Mättig and  A Oh and  A Onnela and  M Oriunno and  L Orsini and  J A Osborne and  C Paillard and  I Pal and  G Papotti and  G Passardi and  A Patino-Revuelta and  V Patras and  B Perea Solano and  E Perez and  G Perinic and  J F Pernot and  P Petagna and  P Petiot and  P Petit and  A Petrilli and  A Pfeiffer and  C Piccut and  M Pimiä and  R Pintus and  M Pioppi and  A Placci and  L Pollet and  H Postema and  M J Price and  R Principe and  A Racz and  E Radermacher and  R Ranieri and  G Raymond and  P Rebecchi and  J Rehn and  S Reynaud and  H Rezvani Naraghi and  D Ricci and  M Ridel and  M Risoldi and  P Rodrigues Simoes Moreira and  A Rohlev and  G Roiron and  G Rolandi and  P Rumerio and  O Runolfsson and  V Ryjov and  H Sakulin and  D Samyn and  L C Santos Amaral and  H Sauce and  E Sbrissa and  P Scharff-Hansen and  P Schieferdecker and  W D Schlatter and  B Schmitt and  H G Schmuecker and  M Schröder and  C Schwick and  C Schäfer and  I Segoni and  P Sempere Roldán and  S Sgobba and  A Sharma and  P Siegrist and  C Sigaud and  N Sinanis and  T Sobrier and  P Sphicas and  M Spiropulu and  G Stefanini and  A Strandlie and  F Szoncsó and  B G Taylor and  O Teller and  A Thea and  E Tournefier and  D Treille and  P Tropea and  J Troska and  E Tsesmelis and  A Tsirou and  J Valls and  I Van Vulpen and  M Vander Donckt and  F Vasey and  M Vazquez Acosta and  L Veillet and  P Vichoudis and  G Waurick and  J P Wellisch and  P Wertelaers and  M Wilhelmsson and  I M Willers and  M Winkler and  M Zanetti and  W Bertl and  K Deiters and  P Dick and  W Erdmann and  D Feichtinger and  K Gabathuler and  Z Hochman and  R Horisberger and  Q Ingram and  H C Kaestli and  D Kotlinski and  S König and  P Poerschke and  D Renker and  T Rohe and  T Sakhelashvili and  A Starodumov and  V Aleksandrov and  F Behner and  I Beniozef and  B Betev and  B Blau and  A M Brett and  L Caminada and  Z Chen and  N Chivarov and  D Da Silva Di Calafiori and  S Dambach and  G Davatz and  V Delachenal and  R Della Marina and  H Dimov and  G Dissertori and  M Dittmar and  L Djambazov and  M Dröge and  C Eggel and  J Ehlers and  R Eichler and  M Elmiger and  G Faber and  K Freudenreich and  J F Fuchs and  G M Georgiev and  C Grab and  C Haller and  J Herrmann and  M Hilgers and  W Hintz and  Hans Hofer and  Heinz Hofer and  U Horisberger and  I Horvath and  A Hristov and  C Humbertclaude and  B Iliev and  W Kastli and  A Kruse and  J Kuipers and  U Langenegger and  P Lecomte and  E Lejeune and  G Leshev and  C Lesmond and  B List and  P D Luckey and  W Lustermann and  J D Maillefaud and  C Marchica and  A Maurisset and  B Meier and  P Milenovic and  M Milesi and  F Moortgat and  I Nanov and  A Nardulli and  F Nessi-Tedaldi and  B Panev and  L Pape and  F Pauss and  E Petrov and  G Petrov and  M M Peynekov and  D Pitzl and  T Punz and  P Riboni and  J Riedlberger and  A Rizzi and  F J Ronga and  P A Roykov and  U Röser and  D Schinzel and  A Schöning and  A Sourkov and  K Stanishev and  S Stoenchev and  F Stöckli and  H Suter and  P Trüb and  S Udriot and  D G Uzunova and  I Veltchev and  G Viertel and  H P von Gunten and  S Waldmeier-Wicki and  R Weber and  M Weber and  J Weng and  M Wensveen and  F Wittgenstein and  K Zagoursky and  E Alagoz and  C Amsler and  V Chiochia and  C Hoermann and  C Regenfus and  P Robmann and  T Rommerskirchen and  A Schmidt and  S Steiner and  D Tsirigkas and  L Wilke and  S Blyth and  Y H Chang and  E A Chen and  A Go and  C C Hung and  C M Kuo and  S W Li and  W Lin and  P Chang and  Y Chao and  K F Chen and  Z Gao and  G W S Hou and  Y B Hsiung and  Y J Lei and  S W Lin and  R S Lu and  J G Shiu and  Y M Tzeng and  K Ueno and  Y Velikzhanin and  C C Wang and  M-Z Wang and  S Aydin and  A Azman and  M N Bakirci and  S Basegmez and  S Cerci and  I Dumanoglu and  S Erturk and  E Eskut and  A Kayis Topaksu and  H Kisoglu and  P Kurt and  K Ozdemir and  N Ozdes Koca and  H Ozkurt and  S Ozturk and  A Polatöz and  K Sogut and  H Topakli and  M Vergili and  G Önengüt and  H Gamsizkan and  S Sekmen and  M Serin-Zeyrek and  R Sever and  M Zeyrek and  M Deliomeroglu and  E Gülmez and  E Isiksal and  M Kaya and  O Kaya and  S Ozkorucuklu and  N Sonmez and  B Grinev and  V Lyubynskiy and  V Senchyshyn and  L Levchuk and  S Lukyanenko and  D Soroka and  P Sorokin and  S Zub and  A Anjum and  N Baker and  T Hauer and  R McClatchey and  M Odeh and  D Rogulin and  A Solomonides and  J J Brooke and  R Croft and  D Cussans and  D Evans and  R Frazier and  N Grant and  M Hansen and  R D Head and  G P Heath and  H F Heath and  C Hill and  B Huckvale and  J Jackson and  C Lynch and  C K Mackay and  S Metson and  S J Nash and  D M Newbold and  A D Presland and  M G Probert and  E C Reid and  V J Smith and  R J Tapper and  R Walton and  E Bateman and  K W Bell and  R M Brown and  B Camanzi and  I T Church and  D J A Cockerill and  J E Cole and  J F Connolly and  J A Coughlan and  P S Flower and  P Ford and  V B Francis and  M J French and  S B Galagedera and  W Gannon and  A P R Gay and  N I Geddes and  R J S Greenhalgh and  R N J Halsall and  W J Haynes and  J A Hill and  F R Jacob and  P W Jeffreys and  L L Jones and  B W Kennedy and  A L Lintern and  A B Lodge and  A J Maddox and  Q R Morrissey and  P Murray and  G N Patrick and  C A X Pattison and  M R Pearson and  S P H Quinton and  G J Rogers and  J G Salisbury and  A A Shah and  C H Shepherd-Themistocleous and  B J Smith and  M Sproston and  R Stephenson and  S Taghavi and  I R Tomalin and  M J Torbet and  J H Williams and  W J Womersley and  S D Worm and  F Xing and  M Apollonio and  F Arteche and  R Bainbridge and  G Barber and  P Barrillon and  J Batten and  R Beuselinck and  P M Brambilla Hall and  D Britton and  W Cameron and  D E Clark and  I W Clark and  D Colling and  N Cripps and  G Davies and  M Della Negra and  G Dewhirst and  S Dris and  C Foudas and  J Fulcher and  D Futyan and  D J Graham and  S Greder and  S Greenwood and  G Hall and  J F Hassard and  J Hays and  G Iles and  V Kasey and  M Khaleeq and  J Leaver and  P Lewis and  B C MacEvoy and  O Maroney and  E M McLeod and  D G Miller and  J Nash and  A Nikitenko and  E Noah Messomo and  M Noy and  A Papageorgiou and  M Pesaresi and  K Petridis and  D R Price and  X Qu and  D M Raymond and  A Rose and  S Rutherford and  M J Ryan and  F Sciacca and  C Seez and  P Sharp and  G Sidiropoulos and  M Stettler and  M Stoye and  J Striebig and  M Takahashi and  H Tallini and  A Tapper and  C Timlin and  L Toudup and  T Virdee and  S Wakefield and  P Walsham and  D Wardrope and  M Wingham and  Y Zhang and  O Zorba and  C Da Via and  I Goitom and  P R Hobson and  D C Imrie and  I Reid and  C Selby and  O Sharif and  L Teodorescu and  S J Watts and  I Yaselli and  E Hazen and  A Heering and  A Heister and  C Lawlor and  D Lazic and  E Machado and  J Rohlf and  L Sulak and  F Varela Rodriguez and  S X Wu and  A Avetisyan and  T Bose and  L Christofek and  D Cutts and  S Esen and  R Hooper and  G Landsberg and  M Narain and  D Nguyen and  T Speer and  K V Tsang and  R Breedon and  M Case and  M Chertok and  J Conway and  P T Cox and  J Dolen and  R Erbacher and  Y Fisyak and  E Friis and  G Grim and  B Holbrook and  W Ko and  A Kopecky and  R Lander and  F C Lin and  A Lister and  S Maruyama and  D Pellett and  J Rowe and  M Searle and  J Smith and  A Soha and  M Squires and  M Tripathi and  R Vasquez Sierra and  C Veelken and  V Andreev and  K Arisaka and  Y Bonushkin and  S Chandramouly and  D Cline and  R Cousins and  S Erhan and  J Hauser and  M Ignatenko and  C Jarvis and  B Lisowski and  C Matthey and  B Mohr and  J Mumford and  S Otwinowski and  Y Pischalnikov and  G Rakness and  P Schlein and  Y Shi and  B Tannenbaum and  J Tucker and  V Valuev and  R Wallny and  H G Wang and  X Yang and  Y Zheng and  J Andreeva and  J Babb and  S Campana and  D Chrisman and  R Clare and  J Ellison and  D Fortin and  J W Gary and  W Gorn and  G Hanson and  G Y Jeng and  S C Kao and  J G Layter and  F Liu and  H Liu and  A Luthra and  G Pasztor and  H Rick and  A Satpathy and  B C Shen and  R Stringer and  V Sytnik and  P Tran and  S Villa and  R Wilken and  S Wimpenny and  D Zer-Zion and  J G Branson and  J A Coarasa Perez and  E Dusinberre and  R Kelley and  M Lebourgeois and  J Letts and  E Lipeles and  B Mangano and  T Martin and  M Mojaver and  J Muelmenstaedt and  M Norman and  H P Paar and  A Petrucci and  H Pi and  M Pieri and  A Rana and  M Sani and  V Sharma and  S Simon and  A White and  F Würthwein and  A Yagil and  A Affolder and  A Allen and  C Campagnari and  M D'Alfonso and  A Dierlamm and  J Garberson and  D Hale and  J Incandela and  P Kalavase and  S A Koay and  D Kovalskyi and  V Krutelyov and  S Kyre and  J Lamb and  S Lowette and  M Nikolic and  V Pavlunin and  F Rebassoo and  J Ribnik and  J Richman and  R Rossin and  Y S Shah and  D Stuart and  S Swain and  J R Vlimant and  D White and  M Witherell and  A Bornheim and  J Bunn and  J Chen and  G Denis and  P Galvez and  M Gataullin and  I Legrand and  V Litvine and  Y Ma and  R Mao and  D Nae and  I Narsky and  H B Newman and  T Orimoto and  C Rogan and  S Shevchenko and  C Steenberg and  X Su and  M Thomas and  V Timciuc and  F van Lingen and  J Veverka and  B R Voicu and  A Weinstein and  R Wilkinson and  Y Xia and  Y Yang and  L Y Zhang and  K Zhu and  R Y Zhu and  T Ferguson and  D W Jang and  S Y Jun and  M Paulini and  J Russ and  N Terentyev and  H Vogel and  I Vorobiev and  M Bunce and  J P Cumalat and  M E Dinardo and  B R Drell and  W T Ford and  K Givens and  B Heyburn and  D Johnson and  U Nauenberg and  K Stenson and  S R Wagner and  L Agostino and  J Alexander and  F Blekman and  D Cassel and  S Das and  J E Duboscq and  L K Gibbons and  B Heltsley and  C D Jones and  V Kuznetsov and  J R Patterson and  D Riley and  A Ryd and  S Stroiney and  W Sun and  J Thom and  J Vaughan and  P Wittich and  C P Beetz and  G Cirino and  V Podrasky and  C Sanzeni and  D Winn and  S Abdullin and  M A Afaq and  M Albrow and  J Amundson and  G Apollinari and  M Atac and  W Badgett and  J A Bakken and  B Baldin and  K Banicz and  L A T Bauerdick and  A Baumbaugh and  J Berryhill and  P C Bhat and  M Binkley and  I Bloch and  F Borcherding and  A Boubekeur and  M Bowden and  K Burkett and  J N Butler and  H W K Cheung and  G Chevenier and  F Chlebana and  I Churin and  S Cihangir and  W Dagenhart and  M Demarteau and  D Dykstra and  D P Eartly and  J E Elias and  V D Elvira and  D Evans and  I Fisk and  J Freeman and  I Gaines and  P Gartung and  F J M Geurts and  L Giacchetti and  D A Glenzinski and  E Gottschalk and  T Grassi and  D Green and  C Grimm and  Y Guo and  O Gutsche and  A Hahn and  J Hanlon and  R M Harris and  T Hesselroth and  S Holm and  B Holzman and  E James and  H Jensen and  M Johnson and  U Joshi and  B Klima and  S Kossiakov and  K Kousouris and  J Kowalkowski and  T Kramer and  S Kwan and  C M Lei and  M Leininger and  S Los and  L Lueking and  G Lukhanin and  S Lusin and  K Maeshima and  J M Marraffino and  D Mason and  P McBride and  T Miao and  S Moccia and  N Mokhov and  S Mrenna and  S J Murray and  C Newman-Holmes and  C Noeding and  V O'Dell and  M Paterno and  D Petravick and  R Pordes and  O Prokofyev and  N Ratnikova and  A Ronzhin and  V Sekhri and  E Sexton-Kennedy and  I Sfiligoi and  T M Shaw and  E Skup and  R P Smith and  W J Spalding and  L Spiegel and  M Stavrianakou and  G Stiehr and  A L Stone and  I Suzuki and  P Tan and  W Tanenbaum and  L E Temple and  S Tkaczyk and  L Uplegger and  E W Vaandering and  R Vidal and  R Wands and  H Wenzel and  J Whitmore and  E Wicklund and  W M Wu and  Y Wu and  J Yarba and  V Yarba and  F Yumiceva and  J C Yun and  T Zimmerman and  D Acosta and  P Avery and  V Barashko and  P Bartalini and  D Bourilkov and  R Cavanaugh and  S Dolinsky and  A Drozdetskiy and  R D Field and  Y Fu and  I K Furic and  L Gorn and  D Holmes and  B J Kim and  S Klimenko and  J Konigsberg and  A Korytov and  K Kotov and  P Levchenko and  A Madorsky and  K Matchev and  G Mitselmakher and  Y Pakhotin and  C Prescott and  L Ramond and  P Ramond and  M Schmitt and  B Scurlock and  J Stasko and  H Stoeck and  D Wang and  J Yelton and  V Gaultney and  L Kramer and  L M Lebolo and  S Linn and  P Markowitz and  G Martinez and  J L Rodriguez and  T Adams and  A Askew and  O Atramentov and  M Bertoldi and  W G D Dharmaratna and  Y Gershtein and  S V Gleyzer and  S Hagopian and  V Hagopian and  C J Jenkins and  K F Johnson and  H Prosper and  D Simek and  J Thomaston and  M Baarmand and  L Baksay and  S Guragain and  M Hohlmann and  H Mermerkaya and  R Ralich and  I Vodopiyanov and  M R Adams and  I M Anghel and  L Apanasevich and  O Barannikova and  V E Bazterra and  R R Betts and  C Dragoiu and  E J Garcia-Solis and  C E Gerber and  D J Hofman and  R Hollis and  A Iordanova and  S Khalatian and  C Mironov and  E Shabalina and  A Smoron and  N Varelas and  U Akgun and  E A Albayrak and  A S Ayan and  R Briggs and  K Cankocak and  W Clarida and  A Cooper and  P Debbins and  F Duru and  M Fountain and  E McCliment and  J P Merlo and  A Mestvirishvili and  M J Miller and  A Moeller and  C R Newsom and  E Norbeck and  J Olson and  Y Onel and  L Perera and  I Schmidt and  S Wang and  T Yetkin and  E W Anderson and  H Chakir and  J M Hauptman and  J Lamsa and  B A Barnett and  B Blumenfeld and  C Y Chien and  G Giurgiu and  A Gritsan and  D W Kim and  C K Lae and  P Maksimovic and  M Swartz and  N Tran and  P Baringer and  A Bean and  J Chen and  D Coppage and  O Grachov and  M Murray and  V Radicci and  J S Wood and  V Zhukova and  D Bandurin and  T Bolton and  K Kaadze and  W E Kahl and  Y Maravin and  D Onoprienko and  R Sidwell and  Z Wan and  B Dahmes and  J Gronberg and  J Hollar and  D Lange and  D Wright and  C R Wuest and  D Baden and  R Bard and  S C Eno and  D Ferencek and  N J Hadley and  R G Kellogg and  M Kirn and  S Kunori and  E Lockner and  F Ratnikov and  F Santanastasio and  A Skuja and  T Toole and  L Wang and  M Wetstein and  B Alver and  M Ballintijn and  G Bauer and  W Busza and  G Gomez Ceballos and  K A Hahn and  P Harris and  M Klute and  I Kravchenko and  W Li and  C Loizides and  T Ma and  S Nahn and  C Paus and  S Pavlon and  J Piedra Gomez and  C Roland and  G Roland and  M Rudolph and  G Stephans and  K Sumorok and  S Vaurynovich and  E A Wenger and  B Wyslouch and  D Bailleux and  S Cooper and  P Cushman and  A De Benedetti and  A Dolgopolov and  P R Dudero and  R Egeland and  G Franzoni and  W J Gilbert and  D Gong and  J Grahl and  J Haupt and  K Klapoetke and  I Kronkvist and  Y Kubota and  J Mans and  R Rusack and  S Sengupta and  B Sherwood and  A Singovsky and  P Vikas and  J Zhang and  M Booke and  L M Cremaldi and  R Godang and  R Kroeger and  M Reep and  J Reidy and  D A Sanders and  P Sonnek and  D Summers and  S Watkins and  K Bloom and  B Bockelman and  D R Claes and  A Dominguez and  M Eads and  M Furukawa and  J Keller and  T Kelly and  C Lundstedt and  S Malik and  G R Snow and  D Swanson and  K M Ecklund and  I Iashvili and  A Kharchilava and  A Kumar and  M Strang and  G Alverson and  E Barberis and  O Boeriu and  G Eulisse and  T McCauley and  Y Musienko and  S Muzaffar and  I Osborne and  S Reucroft and  J Swain and  L Taylor and  L Tuura and  B Gobbi and  M Kubantsev and  A Kubik and  R A Ofierzynski and  M Schmitt and  E Spencer and  S Stoynev and  M Szleper and  M Velasco and  S Won and  K Andert and  B Baumbaugh and  B A Beiersdorf and  L Castle and  J Chorny and  A Goussiou and  M Hildreth and  C Jessop and  D J Karmgard and  T Kolberg and  J Marchant and  N Marinelli and  M McKenna and  R Ruchti and  M Vigneault and  M Wayne and  D Wiand and  B Bylsma and  L S Durkin and  J Gilmore and  J Gu and  P Killewald and  T Y Ling and  C J Rush and  V Sehgal and  G Williams and  N Adam and  S Chidzik and  P Denes and  P Elmer and  A Garmash and  D Gerbaudo and  V Halyo and  J Jones and  D Marlow and  J Olsen and  P Piroué and  D Stickland and  C Tully and  J S Werner and  T Wildish and  S Wynhoff and  Z Xie and  X T Huang and  A Lopez and  H Mendez and  J E Ramirez Vargas and  A Zatserklyaniy and  A Apresyan and  K Arndt and  V E Barnes and  G Bolla and  D Bortoletto and  A Bujak and  A Everett and  M Fahling and  A F Garfinkel and  L Gutay and  N Ippolito and  Y Kozhevnikov and  A T Laasanen and  C Liu and  V Maroussov and  S Medved and  P Merkel and  D H Miller and  J Miyamoto and  N Neumeister and  A Pompos and  A Roy and  A Sedov and  I Shipsey and  V Cuplov and  N Parashar and  P Bargassa and  S J Lee and  J H Liu and  D Maronde and  M Matveev and  T Nussbaum and  B P Padley and  J Roberts and  A Tumanov and  A Bodek and  H Budd and  J Cammin and  Y S Chung and  P De Barbaro and  R Demina and  G Ginther and  Y Gotra and  S Korjenevski and  D C Miner and  W Sakumoto and  P Slattery and  M Zielinski and  A Bhatti and  L Demortier and  K Goulianos and  K Hatakeyama and  C Mesropian and  E Bartz and  S H Chuang and  J Doroshenko and  E Halkiadakis and  P F Jacques and  D Khits and  A Lath and  A Macpherson and  R Plano and  K Rose and  S Schnetzer and  S Somalwar and  R Stone and  T L Watts and  G Cerizza and  M Hollingsworth and  J Lazoflores and  G Ragghianti and  S Spanier and  A York and  A Aurisano and  A Golyash and  T Kamon and  C N Nguyen and  J Pivarski and  A Safonov and  D Toback and  M Weinberger and  N Akchurin and  L Berntzon and  K W Carrell and  K Gumus and  C Jeong and  H Kim and  S W Lee and  B G Mc Gonagill and  Y Roh and  A Sill and  M Spezziga and  R Thomas and  I Volobouev and  E Washington and  R Wigmans and  E Yazgan and  T Bapty and  D Engh and  C Florez and  W Johns and  T Keskinpala and  E Luiggi Lopez and  S Neema and  S Nordstrom and  S Pathak and  P Sheldon and  D Andelin and  M W Arenton and  M Balazs and  M Buehler and  S Conetti and  B Cox and  R Hirosky and  M Humphrey and  R Imlay and  A Ledovskoy and  D Phillips II and  H Powell and  M Ronquest and  R Yohay and  M Anderson and  Y W Baek and  J N Bellinger and  D Bradley and  P Cannarsa and  D Carlsmith and  I Crotty and  S Dasu and  F Feyzi and  T Gorski and  L Gray and  K S Grogg and  M Grothe and  M Jaworski and  P Klabbers and  J Klukas and  A Lanaro and  C Lazaridis and  J Leonard and  R Loveless and  M Magrans de Abril and  A Mohapatra and  G Ott and  W H Smith and  M Weinberg and  D Wenman and  G S Atoian and  S Dhawan and  V Issakov and  H Neal and  A Poblaguev and  M E Zeller and  G Abdullaeva and  A Avezov and  M I Fazylov and  E M Gasanov and  A Khugaev and  Y N Koblik and  M Nishonov and  K Olimov and  A Umaraliev and  B S Yuldashev},
    title = {The CMS experiment at the CERN LHC},
    journal = {Journal of Instrumentation},
}

@article{DNN_May,
    author = {May, Samuel},
    title = {Machine learning in CMS},
    journal = {International Journal of Modern Physics A},
    volume = {37},
    number = {33},
    pages = {2240020},
    year = {2022},
    doi = {10.1142/S0217751X22400206},
    URL = {https://doi.org/10.1142/S0217751X22400206}
}

@article{FNAL_analysis,
	doi = {10.1103/physrevd.63.075003},
	url = {https://doi.org/10.1103%2Fphysrevd.63.075003},
	year = 2001,
	month = {2},
	publisher = {American Physical Society ({APS})},
	volume = {63},
	number = {7},
	author = {Bogdan A. Dobrescu and Greg Landsberg and Konstantin T. Matchev},
	title = {Higgs boson decays to CP-odd scalars at the Fermilab Tevatron and beyond},
	journal = {Physical Review D}
}

@article{Curtin_2014,
	doi = {10.1103/physrevd.90.075004},
	url = {https://doi.org/10.1103%2Fphysrevd.90.075004},
	year = 2014,
	month = {10},
	publisher = {American Physical Society ({APS})},
	volume = {90},
	number = {7},
	author = {David Curtin and Rouven Essig and Stefania Gori and Prerit Jaiswal and Andrey Katz and Tao Liu and Zhen Liu and David McKeen and Jessie Shelton and Matthew Strassler and Ze'ev Surujon and Brock Tweedie and Yi-Ming Zhong},
	title = {Exotic decays of the 125~{GeV} Higgs boson},
	journal = {Physical Review D}
}

@book{HiggsHuntersGuide,
    author = "Gunion, John F. and Haber, Howard E. and Kane, Gordon L. and Dawson, Sally",
    title = "{The Higgs Hunter's Guide}",
    reportNumber = "SCIPP-89/13, UCD-89-4, BNL-41644",
    volume = "80",
    year = "2000"
}

@article{hemisphere_mixing,
    author = "de Castro Manzano, Pablo  and  Dall'Osso, Martino  and  Dorigo, Tommaso  and  Finos, Livio  and  Kotkowski, Grzegorz  and  Menardi, Giovanna  and  Scarpa, Bruno",
    title = "{Hemisphere Mixing: A Fully Data-Driven Model Of QCD Multijet Backgrounds For LHC Searches}",
    doi = "10.22323/1.314.0370",
    journal = "PoS",
    year = 2017,
    volume = "EPS-HEP2017",
    pages = "370"
}

@Misc{PC_CMS_Week,
    author = "Maurizio Pierini, Roberto Salerno",
    title = {Physics Coordination Report},
    howpublished = {\textsc{url:}~\url{https://indico.cern.ch/event/1180058/contributions/5560408/}},
    month = {9},
    year = {2023}
}

@article{Run2_analysis,
    doi = {10.1007/jhep07(2023)148},
    url = {https://doi.org/10.1007%2Fjhep07%282023%29148},
    year = 2023,
    month = {7},
    publisher = {Springer Science and Business Media {LLC}},
    volume = {2023},
    number = {7},
    collaboration = {CMS Collaboration},
    author = {A. Tumasyan and W. Adam and J. W. Andrejkovic and T. Bergauer and S. Chatterjee and K. Damanakis and M. Dragicevic and A. Escalante Del Valle and R. Frühwirth and M. Jeitler and N. Krammer and L. Lechner and D. Liko and I. Mikulec and P. Paulitsch and F. M. Pitters and J. Schieck and R. Schöfbeck and D. Schwarz and S. Templ and W. Waltenberger and C.-E. Wulz and M. R. Darwish and E. A. De Wolf and T. Janssen and T. Kello and A. Lelek and H. Rejeb Sfar and P. Van Mechelen and S. Van Putte and N. Van Remortel and E. S. Bols and J. D'Hondt and M. Delcourt and H. El Faham and S. Lowette and S. Moortgat and A. Morton and D. Müller and A. R. Sahasransu and S. Tavernier and W. Van Doninck and D. Vannerom and D. Beghin and B. Bilin and B. Clerbaux and G. De Lentdecker and L. Favart and A. K. Kalsi and K. Lee and M. Mahdavikhorrami and I. Makarenko and L. Moureaux and S. Paredes and L. P{\'{e}}tr{\'{e}} and A. Popov and N. Postiau and E. Starling and L. Thomas and M. Vanden Bemden and C. Vander Velde and P. Vanlaer and T. Cornelis and D. Dobur and J. Knolle and L. Lambrecht and G. Mestdach and M. Niedziela and C. Rend{\'{o}}n and C. Roskas and A. Samalan and K. Skovpen and M. Tytgat and B. Vermassen and L. Wezenbeek and A. Benecke and A. Bethani and G. Bruno and F. Bury and C. Caputo and P. David and C. Delaere and I. S. Donertas and A. Giammanco and K. Jaffel and Sa. Jain and V. Lemaitre and K. Mondal and J. Prisciandaro and A. Taliercio and M. Teklishyn and T. T. Tran and P. Vischia and S. Wertz and G. A. Alves and C. Hensel and A. Moraes and P. Rebello Teles and W. L. Ald{\'{a}} J{\'{u}}nior and M. Alves Gallo Pereira and M. Barroso Ferreira Filho and H. Brandao Malbouisson and W. Carvalho and J. Chinellato and E. M. Da Costa and G. G. Da Silveira and D. De Jesus Damiao and V. Dos Santos Sousa and S. Fonseca De Souza and C. Mora Herrera and K. Mota Amarilo and L. Mundim and H. Nogima and A. Santoro and S. M. Silva Do Amaral and A. Sznajder and M. Thiel and F. Torres Da Silva De Araujo and A. Vilela Pereira and C. A. Bernardes and L. Calligaris and T. R. Fernandez Perez Tomei and E. M. Gregores and D. S. Lemos and P. G. Mercadante and S. F. Novaes and Sandra S. Padula and A. Aleksandrov and G. Antchev and R. Hadjiiska and P. Iaydjiev and M. Misheva and M. Rodozov and M. Shopova and G. Sultanov and A. Dimitrov and T. Ivanov and L. Litov and B. Pavlov and P. Petkov and A. Petrov and T. Cheng and T. Javaid and M. Mittal and L. Yuan and M. Ahmad and G. Bauer and C. Dozen and Z. Hu and J. Martins and Y. Wang and K. Yi and E. Chapon and G. M. Chen and H. S. Chen and M. Chen and F. Iemmi and A. Kapoor and D. Leggat and H. Liao and Z.-A. Liu and V. Milosevic and F. Monti and R. Sharma and J. Tao and J. Thomas-Wilsker and J. Wang and H. Zhang and J. Zhao and A. Agapitos and Y. An and Y. Ban and C. Chen and A. Levin and Q. Li and X. Lyu and Y. Mao and S. J. Qian and D. Wang and J. Xiao and H. Yang and M. Lu and Z. You and X. Gao and H. Okawa and Y. Zhang and Z. Lin and M. Xiao and C. Avila and A. Cabrera and C. Florez and J. Fraga and J. Mejia Guisao and F. Ramirez and J. D. Ruiz Alvarez and D. Giljanovic and N. Godinovic and D. Lelas and I. Puljak and Z. Antunovic and M. Kovac and T. Sculac and V. Brigljevic and D. Ferencek and D. Majumder and M. Roguljic and A. Starodumov and T. Susa and A. Attikis and K. Christoforou and A. Ioannou and G. Kole and M. Kolosova and S. Konstantinou and J. Mousa and C. Nicolaou and F. Ptochos and P. A. Razis and H. Rykaczewski and H. Saka and M. Finger and M. Finger and A. Kveton and E. Ayala and E. Carrera Jarrin and H. Abdalla and S. Khalil and A. Lotfy and M. A. Mahmoud and S. Bhowmik and R. K. Dewanjee and K. Ehataht and M. Kadastik and S. Nandan and C. Nielsen and J. Pata and M. Raidal and L. Tani and C. Veelken and P. Eerola and H. Kirschenmann and K. Osterberg and M. Voutilainen and S. Bharthuar and E. Brücken and F. Garcia and J. Havukainen and M. S. Kim and R. Kinnunen and T. Lamp{\'{e}}n and K. Lassila-Perini and S. Lehti and T. Lind{\'{e}}n and M. Lotti and L. Martikainen and M. Myllymäki and J. Ott and H. Siikonen and E. Tuominen and J. Tuominiemi and P. Luukka and H. Petrow and T. Tuuva and C. Amendola and M. Besancon and F. Couderc and M. Dejardin and D. Denegri and J. L. Faure and F. Ferri and S. Ganjour and P. Gras and G. Hamel de Monchenault and P. Jarry and B. Lenzi and E. Locci and J. Malcles and J. Rander and A. Rosowsky and M. Ö. Sahin and A. Savoy-Navarro and M. Titov and G. B. Yu and S. Ahuja and F. Beaudette and M. Bonanomi and A. Buchot Perraguin and P. Busson and A. Cappati and C. Charlot and O. Davignon and B. Diab and G. Falmagne and S. Ghosh and R. Granier de Cassagnac and A. Hakimi and I. Kucher and J. Motta and M. Nguyen and C. Ochando and P. Paganini and J. Rembser and R. Salerno and U. Sarkar and J. B. Sauvan and Y. Sirois and A. Tarabini and A. Zabi and A. Zghiche and J.-L. Agram and J. Andrea and D. Apparu and D. Bloch and G. Bourgatte and J.-M. Brom and E. C. Chabert and C. Collard and D. Darej and J.-C. Fontaine and U. Goerlach and C. Grimault and A.-C. Le Bihan and E. Nibigira and P. Van Hove and E. Asilar and S. Beauceron and C. Bernet and G. Boudoul and C. Camen and A. Carle and N. Chanon and D. Contardo and P. Depasse and H. El Mamouni and J. Fay and S. Gascon and M. Gouzevitch and B. Ille and I. B. Laktineh and H. Lattaud and A. Lesauvage and M. Lethuillier and L. Mirabito and S. Perries and K. Shchablo and V. Sordini and L. Torterotot and G. Touquet and M. Vander Donckt and S. Viret and A. Khvedelidze and I. Lomidze and Z. Tsamalaidze and V. Botta and L. Feld and K. Klein and M. Lipinski and D. Meuser and A. Pauls and N. Röwert and J. Schulz and M. Teroerde and A. Dodonova and D. Eliseev and M. Erdmann and P. Fackeldey and B. Fischer and T. Hebbeker and K. Hoepfner and F. Ivone and L. Mastrolorenzo and M. Merschmeyer and A. Meyer and G. Mocellin and S. Mondal and S. Mukherjee and D. Noll and A. Novak and A. Pozdnyakov and Y. Rath and H. Reithler and A. Schmidt and S. C. Schuler and A. Sharma and L. Vigilante and S. Wiedenbeck and S. Zaleski and C. Dziwok and G. Flügge and W. Haj Ahmad and O. Hlushchenko and T. Kress and A. Nowack and O. Pooth and D. Roy and A. Stahl and T. Ziemons and A. Zotz and H. Aarup Petersen and M. Aldaya Martin and P. Asmuss and S. Baxter and M. Bayatmakou and O. Behnke and A. Berm{\'{u}}dez Mart{\'{\i}}nez and S. Bhattacharya and A. A. Bin Anuar and F. Blekman and K. Borras and D. Brunner and A. Campbell and A. Cardini and C. Cheng and F. Colombina and S. Consuegra Rodr{\'{\i}}guez and G. Correia Silva and V. Danilov and M. De Silva and L. Didukh and G. Eckerlin and D. Eckstein and L. I. Estevez Banos and O. Filatov and E. Gallo and A. Geiser and A. Giraldi and A. Grohsjean and M. Guthoff and A. Jafari and N. Z. Jomhari and A. Kasem and M. Kasemann and H. Kaveh and C. Kleinwort and R. Kogler and D. Krücker and W. Lange and K. Lipka and W. Lohmann and R. Mankel and I.-A. Melzer-Pellmann and M. Mendizabal Morentin and J. Metwally and A. B. Meyer and M. Meyer and J. Mnich and A. Mussgiller and A. Nürnberg and Y. Otarid and D. P{\'{e}}rez Ad{\'{a}}n and D. Pitzl and A. Raspereza and B. Ribeiro Lopes and J. Rübenach and A. Saggio and A. Saibel and M. Savitskyi and M. Scham and V. Scheurer and S. Schnake and P. Schütze and C. Schwanenberger and M. Shchedrolosiev and R. E. Sosa Ricardo and D. Stafford and N. Tonon and M. Van De Klundert and F. Vazzoler and R. Walsh and D. Walter and Q. Wang and Y. Wen and K. Wichmann and L. Wiens and C. Wissing and S. Wuchterl and R. Aggleton and S. Albrecht and S. Bein and L. Benato and P. Connor and K. De Leo and M. Eich and F. Feindt and A. Fröhlich and C. Garbers and E. Garutti and P. Gunnellini and M. Hajheidari and J. Haller and A. Hinzmann and G. Kasieczka and R. Klanner and T. Kramer and V. Kutzner and J. Lange and T. Lange and A. Lobanov and A. Malara and A. Mehta and A. Nigamova and K. J. Pena Rodriguez and M. Rieger and O. Rieger and P. Schleper and M. Schröder and J. Schwandt and J. Sonneveld and H. Stadie and G. Steinbrück and A. Tews and I. Zoi and J. Bechtel and S. Brommer and M. Burkart and E. Butz and R. Caspart and T. Chwalek and W. De Boer and A. Dierlamm and A. Droll and K. El Morabit and N. Faltermann and M. Giffels and J. O. Gosewisch and A. Gottmann and F. Hartmann and C. Heidecker and U. Husemann and P. Keicher and R. Koppenhöfer and S. Maier and M. Metzler and S. Mitra and Th. Müller and M. Neukum and G. Quast and K. Rabbertz and J. Rauser and D. Savoiu and M. Schnepf and D. Seith and I. Shvetsov and H. J. Simonis and R. Ulrich and J. Van Der Linden and R. F. Von Cube and M. Wassmer and M. Weber and S. Wieland and R. Wolf and S. Wozniewski and S. Wunsch and G. Anagnostou and G. Daskalakis and A. Kyriakis and A. Stakia and M. Diamantopoulou and D. Karasavvas and P. Kontaxakis and C. K. Koraka and A. Manousakis-Katsikakis and A. Panagiotou and I. Papavergou and N. Saoulidou and K. Theofilatos and E. Tziaferi and K. Vellidis and E. Vourliotis and G. Bakas and K. Kousouris and I. Papakrivopoulos and G. Tsipolitis and A. Zacharopoulou and K. Adamidis and I. Bestintzanos and I. Evangelou and C. Foudas and P. Gianneios and P. Katsoulis and P. Kokkas and N. Manthos and I. Papadopoulos and J. Strologas and M. Csan{\'{a}}d and K. Farkas and M. M. A. Gadallah and S. Lökös and P. Major and K. Mandal and G. P{\'{a}}sztor and A. J. R{\'{a}}dl and O. Sur{\'{a}}nyi and G. I. Veres and M. Bart{\'{o}}k and G. Bencze and C. Hajdu and D. Horvath and F. Sikler and V. Veszpremi and S. Czellar and D. Fasanella and F. Fienga and J. Karancsi and J. Molnar and Z. Szillasi and D. Teyssier and P. Raics and Z. L. Trocsanyi and B. Ujvari and T. Csorgo and F. Nemes and T. Novak and S. Bansal and S. B. Beri and V. Bhatnagar and G. Chaudhary and S. Chauhan and N. Dhingra and R. Gupta and A. Kaur and H. Kaur and M. Kaur and P. Kumari and M. Meena and K. Sandeep and J. B. Singh and A. K. Virdi and A. Ahmed and A. Bhardwaj and B. C. Choudhary and M. Gola and S. Keshri and A. Kumar and M. Naimuddin and P. Priyanka and K. Ranjan and A. Shah and M. Bharti and R. Bhattacharya and S. Bhattacharya and D. Bhowmik and S. Dutta and S. Dutta and B. Gomber and M. Maity and P. Palit and P. K. Rout and G. Saha and B. Sahu and S. Sarkar and M. Sharan and P. K. Behera and S. C. Behera and P. Kalbhor and J. R. Komaragiri and D. Kumar and A. Muhammad and L. Panwar and R. Pradhan and P. R. Pujahari and A. Sharma and A. K. Sikdar and P. C. Tiwari and K. Naskar and T. Aziz and S. Dugad and M. Kumar and G. B. Mohanty and S. Banerjee and R. Chudasama and M. Guchait and S. Karmakar and S. Kumar and G. Majumder and K. Mazumdar and S. Mukherjee and S. Bahinipati and C. Kar and P. Mal and T. Mishra and V. K. Muraleedharan Nair Bindhu and A. Nayak and P. Saha and N. Sur and S. K. Swain and D. Vats and A. Alpana and S. Dube and B. Kansal and A. Laha and S. Pandey and A. Rastogi and S. Sharma and H. Bakhshiansohi and E. Khazaie and M. Zeinali and S. Chenarani and S. M. Etesami and M. Khakzad and M. Mohammadi Najafabadi and M. Grunewald and M. Abbrescia and R. Aly and C. Aruta and A. Colaleo and D. Creanza and N. De Filippis and M. De Palma and A. Di Florio and A. Di Pilato and W. Elmetenawee and F. Errico and L. Fiore and A. Gelmi and M. Gul and G. Iaselli and M. Ince and S. Lezki and G. Maggi and M. Maggi and I. Margjeka and V. Mastrapasqua and S. My and S. Nuzzo and A. Pellecchia and A. Pompili and G. Pugliese and D. Ramos and A. Ranieri and G. Selvaggi and L. Silvestris and F. M. Simone and Ü. Sözbilir and R. Venditti and P. Verwilligen and G. Abbiendi and C. Battilana and D. Bonacorsi and L. Borgonovi and L. Brigliadori and R. Campanini and P. Capiluppi and A. Castro and F. R. Cavallo and C. Ciocca and M. Cuffiani and G. M. Dallavalle and T. Diotalevi and F. Fabbri and A. Fanfani and P. Giacomelli and L. Giommi and C. Grandi and L. Guiducci and S. Lo Meo and L. Lunerti and S. Marcellini and G. Masetti and F. L. Navarria and A. Perrotta and F. Primavera and A. M. Rossi and T. Rovelli and G. P. Siroli and S. Albergo and S. Costa and A. Di Mattia and R. Potenza and A. Tricomi and C. Tuve and G. Barbagli and A. Cassese and R. Ceccarelli and V. Ciulli and C. Civinini and R. D'Alessandro and E. Focardi and G. Latino and P. Lenzi and M. Lizzo and M. Meschini and S. Paoletti and R. Seidita and G. Sguazzoni and L. Viliani and L. Benussi and S. Bianco and D. Piccolo and M. Bozzo and F. Ferro and R. Mulargia and E. Robutti and S. Tosi and A. Benaglia and G. Boldrini and F. Brivio and F. Cetorelli and F. De Guio and M. E. Dinardo and P. Dini and S. Gennai and A. Ghezzi and P. Govoni and L. Guzzi and M. T. Lucchini and M. Malberti and S. Malvezzi and A. Massironi and D. Menasce and L. Moroni and M. Paganoni and D. Pedrini and B. S. Pinolini and S. Ragazzi and N. Redaelli and T. Tabarelli de Fatis and D. Valsecchi and D. Zuolo and S. Buontempo and F. Carnevali and N. Cavallo and A. De Iorio and F. Fabozzi and A. O. M. Iorio and L. Lista and S. Meola and P. Paolucci and B. Rossi and C. Sciacca and P. Azzi and N. Bacchetta and D. Bisello and P. Bortignon and A. Bragagnolo and R. Carlin and P. Checchia and T. Dorigo and U. Dosselli and F. Gasparini and U. Gasparini and G. Grosso and L. Layer and E. Lusiani and M. Margoni and A. T. Meneguzzo and J. Pazzini and P. Ronchese and R. Rossin and F. Simonetto and G. Strong and M. Tosi and H. Yarar and M. Zanetti and P. Zotto and A. Zucchetta and G. Zumerle and C. Aim{\`{e}} and A. Braghieri and S. Calzaferri and D. Fiorina and P. Montagna and S. P. Ratti and V. Re and C. Riccardi and P. Salvini and I. Vai and P. Vitulo and P. Asenov and G. M. Bilei and D. Ciangottini and L. Fan{\`{o}} and M. Magherini and G. Mantovani and V. Mariani and M. Menichelli and F. Moscatelli and A. Piccinelli and M. Presilla and A. Rossi and A. Santocchia and D. Spiga and T. Tedeschi and P. Azzurri and G. Bagliesi and V. Bertacchi and L. Bianchini and T. Boccali and E. Bossini and R. Castaldi and M. A. Ciocci and V. D'Amante and R. Dell'Orso and M. R. Di Domenico and S. Donato and A. Giassi and F. Ligabue and E. Manca and G. Mandorli and D. Matos Figueiredo and A. Messineo and M. Musich and F. Palla and S. Parolia and G. Ramirez-Sanchez and A. Rizzi and G. Rolandi and S. Roy Chowdhury and A. Scribano and N. Shafiei and P. Spagnolo and R. Tenchini and G. Tonelli and N. Turini and A. Venturi and P. G. Verdini and P. Barria and M. Campana and F. Cavallari and D. Del Re and E. Di Marco and M. Diemoz and E. Longo and P. Meridiani and G. Organtini and F. Pandolfi and R. Paramatti and C. Quaranta and S. Rahatlou and C. Rovelli and F. Santanastasio and L. Soffi and R. Tramontano and N. Amapane and R. Arcidiacono and S. Argiro and M. Arneodo and N. Bartosik and R. Bellan and A. Bellora and J. Berenguer Antequera and C. Biino and N. Cartiglia and M. Costa and R. Covarelli and N. Demaria and B. Kiani and F. Legger and C. Mariotti and S. Maselli and E. Migliore and E. Monteil and M. Monteno and M. M. Obertino and G. Ortona and L. Pacher and N. Pastrone and M. Pelliccioni and M. Ruspa and K. Shchelina and F. Siviero and V. Sola and A. Solano and D. Soldi and A. Staiano and M. Tornago and D. Trocino and A. Vagnerini and S. Belforte and V. Candelise and M. Casarsa and F. Cossutti and A. Da Rold and G. Della Ricca and G. Sorrentino and S. Dogra and C. Huh and B. Kim and D. H. Kim and G. N. Kim and J. Kim and J. Lee and S. W. Lee and C. S. Moon and Y. D. Oh and S. I. Pak and S. Sekmen and Y. C. Yang and H. Kim and D. H. Moon and B. Francois and T. J. Kim and J. Park and S. Cho and S. Choi and B. Hong and K. Lee and K. S. Lee and J. Lim and J. Park and S. K. Park and J. Yoo and J. Goh and A. Gurtu and H. S. Kim and Y. Kim and J. Almond and J. H. Bhyun and J. Choi and S. Jeon and J. Kim and J. S. Kim and S. Ko and H. Kwon and H. Lee and S. Lee and B. H. Oh and M. Oh and S. B. Oh and H. Seo and U. K. Yang and I. Yoon and W. Jang and D. Y. Kang and Y. Kang and S. Kim and B. Ko and J. S. H. Lee and Y. Lee and J. A. Merlin and I. C. Park and Y. Roh and M. S. Ryu and D. Song and I. J. Watson and S. Yang and S. Ha and H. D. Yoo and M. Choi and H. Lee and Y. Lee and I. Yu and T. Beyrouthy and Y. Maghrbi and K. Dreimanis and V. Veckalns and M. Ambrozas and A. Carvalho Antunes De Oliveira and A. Juodagalvis and A. Rinkevicius and G. Tamulaitis and N. Bin Norjoharuddeen and Z. Zolkapli and J. F. Benitez and A. Castaneda Hernandez and L. G. Gallegos Mar{\'{\i}}{\~{n}}ez and M. Le{\'{o}}n Coello and J. A. Murillo Quijada and A. Sehrawat and L. Valencia Palomo and G. Ayala and H. Castilla-Valdez and E. De La Cruz-Burelo and I. Heredia-De La Cruz and R. Lopez-Fernandez and C. A. Mondragon Herrera and D. A. Perez Navarro and R. Reyes-Almanza and A. S{\'{a}}nchez Hern{\'{a}}ndez and S. Carrillo Moreno and C. Oropeza Barrera and F. Vazquez Valencia and I. Pedraza and H. A. Salazar Ibarguen and C. Uribe Estrada and J. Mijuskovic and N. Raicevic and D. Krofcheck and P. H. Butler and A. Ahmad and M. I. Asghar and A. Awais and M. I. M. Awan and H. R. Hoorani and W. A. Khan and M. A. Shah and M. Shoaib and M. Waqas and V. Avati and L. Grzanka and M. Malawski and H. Bialkowska and M. Bluj and B. Boimska and M. G{\'{o}}rski and M. Kazana and M. Szleper and P. Zalewski and K. Bunkowski and K. Doroba and A. Kalinowski and M. Konecki and J. Krolikowski and M. Araujo and P. Bargassa and D. Bastos and A. Boletti and P. Faccioli and M. Gallinaro and J. Hollar and N. Leonardo and T. Niknejad and M. Pisano and J. Seixas and O. Toldaiev and J. Varela and P. Adzic and M. Dordevic and P. Milenovic and J. Milosevic and M. Aguilar-Benitez and J. Alcaraz Maestre and A. {\'{A}}lvarez Fern{\'{a}}ndez and I. Bachiller and M. Barrio Luna and Cristina F. Bedoya and C. A. Carrillo Montoya and M. Cepeda and M. Cerrada and N. Colino and B. De La Cruz and A. Delgado Peris and J. P. Fern{\'{a}}ndez Ramos and J. Flix and M. C. Fouz and O. Gonzalez Lopez and S. Goy Lopez and J. M. Hernandez and M. I. Josa and J. Le{\'{o}}n Holgado and D. Moran and {\'{A}}. Navarro Tobar and C. Perez Dengra and A. P{\'{e}}rez-Calero Yzquierdo and J. Puerta Pelayo and I. Redondo and L. Romero and S. S{\'{a}}nchez Navas and L. Urda G{\'{o}}mez and C. Willmott and J. F. de Troc{\'{o}}niz and B. Alvarez Gonzalez and J. Cuevas and C. Erice and J. Fernandez Menendez and S. Folgueras and I. Gonzalez Caballero and J. R. Gonz{\'{a}}lez Fern{\'{a}}ndez and E. Palencia Cortezon and C. Ram{\'{o}}n {\'{A}}lvarez and V. Rodr{\'{\i}}guez Bouza and A. Soto Rodr{\'{\i}}guez and A. Trapote and N. Trevisani and C. Vico Villalba and J. A. Brochero Cifuentes and I. J. Cabrillo and A. Calderon and J. Duarte Campderros and M. Fernandez and C. Fernandez Madrazo and P. J. Fern{\'{a}}ndez Manteca and A. Garc{\'{\i}}a Alonso and G. Gomez and C. Martinez Rivero and P. Martinez Ruiz del Arbol and F. Matorras and P. Matorras Cuevas and J. Piedra Gomez and C. Prieels and A. Ruiz-Jimeno and L. Scodellaro and I. Vila and J. M. Vizan Garcia and M. K. Jayananda and B. Kailasapathy and D. U. J. Sonnadara and D. D. C. Wickramarathna and W. G. D. Dharmaratna and K. Liyanage and N. Perera and N. Wickramage and T. K. Aarrestad and D. Abbaneo and J. Alimena and E. Auffray and G. Auzinger and J. Baechler and P. Baillon and D. Barney and J. Bendavid and M. Bianco and A. Bocci and C. Caillol and T. Camporesi and M. Capeans Garrido and G. Cerminara and N. Chernyavskaya and S. S. Chhibra and S. Choudhury and M. Cipriani and L. Cristella and D. d'Enterria and A. Dabrowski and A. David and A. De Roeck and M. M. Defranchis and M. Deile and M. Dobson and M. Dünser and N. Dupont and A. Elliott-Peisert and F. Fallavollita and A. Florent and L. Forthomme and G. Franzoni and W. Funk and S. Ghosh and S. Giani and D. Gigi and K. Gill and F. Glege and L. Gouskos and M. Haranko and J. Hegeman and V. Innocente and T. James and P. Janot and J. Kaspar and J. Kieseler and M. Komm and N. Kratochwil and C. Lange and S. Laurila and P. Lecoq and A. Lintuluoto and K. Long and C. Louren{\c{c}}o and B. Maier and L. Malgeri and S. Mallios and M. Mannelli and A. C. Marini and F. Meijers and S. Mersi and E. Meschi and F. Moortgat and M. Mulders and S. Orfanelli and L. Orsini and F. Pantaleo and E. Perez and M. Peruzzi and A. Petrilli and G. Petrucciani and A. Pfeiffer and M. Pierini and D. Piparo and M. Pitt and H. Qu and T. Quast and D. Rabady and A. Racz and G. Reales Guti{\'{e}}rrez and M. Rovere and H. Sakulin and J. Salfeld-Nebgen and S. Scarfi and C. Schäfer and M. Selvaggi and A. Sharma and P. Silva and W. Snoeys and P. Sphicas and S. Summers and K. Tatar and V. R. Tavolaro and D. Treille and P. Tropea and A. Tsirou and J. Wanczyk and K. A. Wozniak and W. D. Zeuner and L. Caminada and A. Ebrahimi and W. Erdmann and R. Horisberger and Q. Ingram and H. C. Kaestli and D. Kotlinski and M. Missiroli and L. Noehte and T. Rohe and K. Androsov and M. Backhaus and P. Berger and A. Calandri and A. De Cosa and G. Dissertori and M. Dittmar and M. Doneg{\`{a}} and C. Dorfer and F. Eble and K. Gedia and F. Glessgen and T. A. G{\'{o}}mez Espinosa and C. Grab and D. Hits and W. Lustermann and A.-M. Lyon and R. A. Manzoni and L. Marchese and C. Martin Perez and M. T. Meinhard and F. Nessi-Tedaldi and J. Niedziela and F. Pauss and V. Perovic and S. Pigazzini and M. G. Ratti and M. Reichmann and C. Reissel and T. Reitenspiess and B. Ristic and D. Ruini and D. A. Sanz Becerra and V. Stampf and J. Steggemann and R. Wallny and C. Amsler and P. Bärtschi and C. Botta and D. Brzhechko and M. F. Canelli and K. Cormier and A. De Wit and R. Del Burgo and J. K. Heikkilä and M. Huwiler and W. Jin and A. Jofrehei and B. Kilminster and S. Leontsinis and S. P. Liechti and A. Macchiolo and P. Meiring and V. M. Mikuni and U. Molinatti and I. Neutelings and A. Reimers and P. Robmann and S. Sanchez Cruz and K. Schweiger and M. Senger and Y. Takahashi and C. Adloff and C. M. Kuo and W. Lin and A. Roy and T. Sarkar and S. S. Yu and L. Ceard and Y. Chao and K. F. Chen and P. H. Chen and P. s. Chen and H. Cheng and W.-S. Hou and Y. y. Li and R.-S. Lu and E. Paganis and A. Psallidas and A. Steen and H. y. Wu and E. Yazgan and P. r. Yu and B. Asavapibhop and C. Asawatangtrakuldee and N. Srimanobhas and F. Boran and S. Damarseckin and Z. S. Demiroglu and F. Dolek and I. Dumanoglu and E. Eskut and Y. Guler and E. Gurpinar Guler and C. Isik and O. Kara and A. Kayis Topaksu and U. Kiminsu and G. Onengut and K. Ozdemir and A. Polatoz and A. E. Simsek and B. Tali and U. G. Tok and S. Turkcapar and I. S. Zorbakir and G. Karapinar and K. Ocalan and M. Yalvac and B. Akgun and I. O. Atakisi and E. Gülmez and M. Kaya and O. Kaya and Ö. Öz{\c{c}}elik and S. Tekten and E. A. Yetkin and A. Cakir and K. Cankocak and Y. Komurcu and S. Sen and S. Cerci and I. Hos and B. Isildak and B. Kaynak and S. Ozkorucuklu and H. Sert and D. Sunar Cerci and C. Zorbilmez and B. Grynyov and L. Levchuk and D. Anthony and E. Bhal and S. Bologna and J. J. Brooke and A. Bundock and E. Clement and D. Cussans and H. Flacher and J. Goldstein and G. P. Heath and H. F. Heath and L. Kreczko and B. Krikler and S. Paramesvaran and S. Seif El Nasr-Storey and V. J. Smith and N. Stylianou and K. Walkingshaw Pass and R. White and K. W. Bell and A. Belyaev and C. Brew and R. M. Brown and D. J. A. Cockerill and C. Cooke and K. V. Ellis and K. Harder and S. Harper and M.-L. Holmberg and J. Linacre and K. Manolopoulos and D. M. Newbold and E. Olaiya and D. Petyt and T. Reis and T. Schuh and C. H. Shepherd-Themistocleous and I. R. Tomalin and T. Williams and R. Bainbridge and P. Bloch and S. Bonomally and J. Borg and S. Breeze and O. Buchmuller and V. Cepaitis and G. S. Chahal and D. Colling and P. Dauncey and G. Davies and M. Della Negra and S. Fayer and G. Fedi and G. Hall and M. H. Hassanshahi and G. Iles and J. Langford and L. Lyons and A.-M. Magnan and S. Malik and A. Martelli and D. G. Monk and J. Nash and M. Pesaresi and B. C. Radburn-Smith and D. M. Raymond and A. Richards and A. Rose and E. Scott and C. Seez and A. Shtipliyski and A. Tapper and K. Uchida and T. Virdee and M. Vojinovic and N. Wardle and S. N. Webb and D. Winterbottom and K. Coldham and J. E. Cole and A. Khan and P. Kyberd and I. D. Reid and L. Teodorescu and S. Zahid and S. Abdullin and A. Brinkerhoff and B. Caraway and J. Dittmann and K. Hatakeyama and A. R. Kanuganti and B. McMaster and N. Pastika and M. Saunders and S. Sawant and C. Sutantawibul and J. Wilson and R. Bartek and A. Dominguez and R. Uniyal and A. M. Vargas Hernandez and A. Buccilli and S. I. Cooper and D. Di Croce and S. V. Gleyzer and C. Henderson and C. U. Perez and P. Rumerio and C. West and A. Akpinar and A. Albert and D. Arcaro and C. Cosby and Z. Demiragli and E. Fontanesi and D. Gastler and S. May and J. Rohlf and K. Salyer and D. Sperka and D. Spitzbart and I. Suarez and A. Tsatsos and S. Yuan and D. Zou and G. Benelli and B. Burkle and X. Coubez and D. Cutts and M. Hadley and U. Heintz and J. M. Hogan and T. Kwon and G. Landsberg and K. T. Lau and D. Li and M. Lukasik and J. Luo and M. Narain and N. Pervan and S. Sagir and F. Simpson and E. Usai and W. Y. Wong and X. Yan and D. Yu and W. Zhang and J. Bonilla and C. Brainerd and R. Breedon and M. Calderon De La Barca Sanchez and M. Chertok and J. Conway and P. T. Cox and R. Erbacher and G. Haza and F. Jensen and O. Kukral and R. Lander and M. Mulhearn and D. Pellett and B. Regnery and D. Taylor and Y. Yao and F. Zhang and M. Bachtis and R. Cousins and A. Datta and D. Hamilton and J. Hauser and M. Ignatenko and M. A. Iqbal and T. Lam and W. A. Nash and S. Regnard and D. Saltzberg and B. Stone and V. Valuev and Y. Chen and R. Clare and J. W. Gary and M. Gordon and G. Hanson and G. Karapostoli and O. R. Long and N. Manganelli and W. Si and S. Wimpenny and Y. Zhang and J. G. Branson and P. Chang and S. Cittolin and S. Cooperstein and N. Deelen and D. Diaz and J. Duarte and R. Gerosa and L. Giannini and J. Guiang and R. Kansal and V. Krutelyov and R. Lee and J. Letts and M. Masciovecchio and F. Mokhtar and M. Pieri and B. V. Sathia Narayanan and V. Sharma and M. Tadel and F. Würthwein and Y. Xiang and A. Yagil and N. Amin and C. Campagnari and M. Citron and G. Collura and A. Dorsett and V. Dutta and J. Incandela and M. Kilpatrick and J. Kim and B. Marsh and H. Mei and M. Oshiro and M. Quinnan and J. Richman and U. Sarica and F. Setti and J. Sheplock and P. Siddireddy and D. Stuart and S. Wang and A. Bornheim and O. Cerri and I. Dutta and J. M. Lawhorn and N. Lu and J. Mao and H. B. Newman and T. Q. Nguyen and M. Spiropulu and J. R. Vlimant and C. Wang and S. Xie and Z. Zhang and R. Y. Zhu and J. Alison and S. An and M. B. Andrews and P. Bryant and T. Ferguson and A. Harilal and C. Liu and T. Mudholkar and M. Paulini and A. Sanchez and W. Terrill and J. P. Cumalat and W. T. Ford and A. Hassani and G. Karathanasis and E. MacDonald and R. Patel and A. Perloff and C. Savard and N. Schonbeck and K. Stenson and K. A. Ulmer and S. R. Wagner and N. Zipper and J. Alexander and S. Bright-Thonney and X. Chen and Y. Cheng and D. J. Cranshaw and S. Hogan and J. Monroy and J. R. Patterson and D. Quach and J. Reichert and M. Reid and A. Ryd and W. Sun and J. Thom and P. Wittich and R. Zou and M. Albrow and M. Alyari and G. Apollinari and A. Apresyan and A. Apyan and L. A. T. Bauerdick and D. Berry and J. Berryhill and P. C. Bhat and K. Burkett and J. N. Butler and A. Canepa and G. B. Cerati and H. W. K. Cheung and F. Chlebana and K. F. Di Petrillo and J. Dickinson and V. D. Elvira and Y. Feng and J. Freeman and Z. Gecse and L. Gray and D. Green and S. Grünendahl and O. Gutsche and R. M. Harris and R. Heller and T. C. Herwig and J. Hirschauer and B. Jayatilaka and S. Jindariani and M. Johnson and U. Joshi and T. Klijnsma and B. Klima and K. H. M. Kwok and S. Lammel and D. Lincoln and R. Lipton and T. Liu and C. Madrid and K. Maeshima and C. Mantilla and D. Mason and P. McBride and P. Merkel and S. Mrenna and S. Nahn and J. Ngadiuba and V. Papadimitriou and K. Pedro and C. Pena and F. Ravera and A. Reinsvold Hall and L. Ristori and E. Sexton-Kennedy and N. Smith and A. Soha and L. Spiegel and J. Strait and L. Taylor and S. Tkaczyk and N. V. Tran and L. Uplegger and E. W. Vaandering and H. A. Weber and P. Avery and D. Bourilkov and L. Cadamuro and V. Cherepanov and R. D. Field and D. Guerrero and B. M. Joshi and M. Kim and E. Koenig and J. Konigsberg and A. Korytov and K. H. Lo and K. Matchev and N. Menendez and G. Mitselmakher and A. Muthirakalayil Madhu and N. Rawal and D. Rosenzweig and S. Rosenzweig and K. Shi and J. Wang and Z. Wu and E. Yigitbasi and X. Zuo and T. Adams and A. Askew and R. Habibullah and V. Hagopian and K. F. Johnson and R. Khurana and T. Kolberg and G. Martinez and H. Prosper and C. Schiber and O. Viazlo and R. Yohay and J. Zhang and M. M. Baarmand and S. Butalla and T. Elkafrawy and M. Hohlmann and R. Kumar Verma and D. Noonan and M. Rahmani and F. Yumiceva and M. R. Adams and H. Becerril Gonzalez and R. Cavanaugh and S. Dittmer and O. Evdokimov and C. E. Gerber and D. J. Hofman and A. H. Merrit and C. Mills and G. Oh and T. Roy and S. Rudrabhatla and M. B. Tonjes and N. Varelas and J. Viinikainen and X. Wang and Z. Ye and M. Alhusseini and K. Dilsiz and L. Emediato and R. P. Gandrajula and O. K. Köseyan and J.-P. Merlo and A. Mestvirishvili and J. Nachtman and H. Ogul and Y. Onel and A. Penzo and C. Snyder and E. Tiras and O. Amram and B. Blumenfeld and L. Corcodilos and J. Davis and A. V. Gritsan and S. Kyriacou and P. Maksimovic and J. Roskes and M. Swartz and T. {\'{A}}. V{\'{a}}mi and A. Abreu and J. Anguiano and C. Baldenegro Barrera and P. Baringer and A. Bean and A. Bylinkin and Z. Flowers and T. Isidori and S. Khalil and J. King and G. Krintiras and A. Kropivnitskaya and M. Lazarovits and C. Le Mahieu and C. Lindsey and J. Marquez and N. Minafra and M. Murray and M. Nickel and C. Rogan and C. Royon and R. Salvatico and S. Sanders and E. Schmitz and C. Smith and Q. Wang and Z. Warner and J. Williams and G. Wilson and S. Duric and A. Ivanov and K. Kaadze and D. Kim and Y. Maravin and T. Mitchell and A. Modak and K. Nam and F. Rebassoo and D. Wright and E. Adams and A. Baden and O. Baron and A. Belloni and S. C. Eno and N. J. Hadley and S. Jabeen and R. G. Kellogg and T. Koeth and Y. Lai and S. Lascio and A. C. Mignerey and S. Nabili and C. Palmer and M. Seidel and A. Skuja and L. Wang and K. Wong and D. Abercrombie and G. Andreassi and R. Bi and W. Busza and I. A. Cali and Y. Chen and M. D'Alfonso and J. Eysermans and C. Freer and G. Gomez-Ceballos and M. Goncharov and P. Harris and M. Hu and M. Klute and D. Kovalskyi and J. Krupa and Y.-J. Lee and C. Mironov and C. Paus and D. Rankin and C. Roland and G. Roland and Z. Shi and G. S. F. Stephans and J. Wang and Z. Wang and B. Wyslouch and R. M. Chatterjee and A. Evans and J. Hiltbrand and Sh. Jain and M. Krohn and Y. Kubota and J. Mans and M. Revering and R. Rusack and R. Saradhy and N. Schroeder and N. Strobbe and M. A. Wadud and K. Bloom and M. Bryson and S. Chauhan and D. R. Claes and C. Fangmeier and L. Finco and F. Golf and C. Joo and I. Kravchenko and I. Reed and J. E. Siado and G. R. Snow and W. Tabb and A. Wightman and F. Yan and A. G. Zecchinelli and G. Agarwal and H. Bandyopadhyay and L. Hay and I. Iashvili and A. Kharchilava and C. McLean and D. Nguyen and J. Pekkanen and S. Rappoccio and A. Williams and G. Alverson and E. Barberis and Y. Haddad and Y. Han and A. Hortiangtham and A. Krishna and J. Li and J. Lidrych and G. Madigan and B. Marzocchi and D. M. Morse and V. Nguyen and T. Orimoto and A. Parker and L. Skinnari and A. Tishelman-Charny and T. Wamorkar and B. Wang and A. Wisecarver and D. Wood and S. Bhattacharya and J. Bueghly and Z. Chen and A. Gilbert and T. Gunter and K. A. Hahn and Y. Liu and N. Odell and M. H. Schmitt and M. Velasco and R. Band and R. Bucci and M. Cremonesi and A. Das and N. Dev and R. Goldouzian and M. Hildreth and K. Hurtado Anampa and C. Jessop and K. Lannon and J. Lawrence and N. Loukas and L. Lutton and J. Mariano and N. Marinelli and I. Mcalister and T. McCauley and C. Mcgrady and K. Mohrman and C. Moore and Y. Musienko and R. Ruchti and A. Townsend and M. Wayne and M. Zarucki and L. Zygala and B. Bylsma and L. S. Durkin and B. Francis and C. Hill and M. Nunez Ornelas and K. Wei and B. L. Winer and B. R. Yates and F. M. Addesa and B. Bonham and P. Das and G. Dezoort and P. Elmer and A. Frankenthal and B. Greenberg and N. Haubrich and S. Higginbotham and A. Kalogeropoulos and G. Kopp and S. Kwan and D. Lange and D. Marlow and K. Mei and I. Ojalvo and J. Olsen and D. Stickland and C. Tully and S. Malik and S. Norberg and A. S. Bakshi and V. E. Barnes and R. Chawla and S. Das and L. Gutay and M. Jones and A. W. Jung and D. Kondratyev and A. M. Koshy and M. Liu and G. Negro and N. Neumeister and G. Paspalaki and S. Piperov and A. Purohit and J. F. Schulte and M. Stojanovic and J. Thieman and F. Wang and R. Xiao and W. Xie and J. Dolen and N. Parashar and D. Acosta and A. Baty and T. Carnahan and M. Decaro and S. Dildick and K. M. Ecklund and S. Freed and P. Gardner and F. J. M. Geurts and A. Kumar and W. Li and B. P. Padley and R. Redjimi and J. Rotter and W. Shi and A. G. Stahl Leiton and S. Yang and L. Zhang and Y. Zhang and A. Bodek and P. de Barbaro and R. Demina and J. L. Dulemba and C. Fallon and T. Ferbel and M. Galanti and A. Garcia-Bellido and O. Hindrichs and A. Khukhunaishvili and E. Ranken and R. Taus and G. P. Van Onsem and B. Chiarito and J. P. Chou and A. Gandrakota and Y. Gershtein and E. Halkiadakis and A. Hart and M. Heindl and O. Karacheban and I. Laflotte and A. Lath and R. Montalvo and K. Nash and M. Osherson and S. Salur and S. Schnetzer and S. Somalwar and R. Stone and S. A. Thayil and S. Thomas and H. Wang and H. Acharya and A. G. Delannoy and S. Fiorendi and S. Spanier and O. Bouhali and M. Dalchenko and A. Delgado and R. Eusebi and J. Gilmore and T. Huang and T. Kamon and H. Kim and S. Luo and S. Malhotra and R. Mueller and D. Overton and D. Rathjens and A. Safonov and N. Akchurin and J. Damgov and V. Hegde and S. Kunori and K. Lamichhane and S. W. Lee and T. Mengke and S. Muthumuni and T. Peltola and I. Volobouev and Z. Wang and A. Whitbeck and E. Appelt and S. Greene and A. Gurrola and W. Johns and A. Melo and K. Padeken and F. Romeo and P. Sheldon and S. Tuo and J. Velkovska and M. W. Arenton and B. Cardwell and B. Cox and G. Cummings and J. Hakala and R. Hirosky and M. Joyce and A. Ledovskoy and A. Li and C. Neu and C. E. Perez Lara and B. Tannenwald and S. White and N. Poudyal and S. Banerjee and K. Black and T. Bose and S. Dasu and I. De Bruyn and P. Everaerts and C. Galloni and H. He and M. Herndon and A. Herve and U. Hussain and A. Lanaro and A. Loeliger and R. Loveless and J. Madhusudanan Sreekala and A. Mallampalli and A. Mohammadi and D. Pinna and A. Savin and V. Shang and V. Sharma and W. H. Smith and D. Teague and S. Trembath-Reichert and W. Vetens and S. Afanasiev and V. Andreev and Yu. Andreev and T. Aushev and M. Azarkin and A. Babaev and A. Belyaev and V. Blinov and E. Boos and V. Borshch and D. Budkouski and V. Bunichev and O. Bychkova and V. Chekhovsky and R. Chistov and M. Danilov and A. Dermenev and T. Dimova and I. Dremin and M. Dubinin and L. Dudko and V. Epshteyn and G. Gavrilov and V. Gavrilov and S. Gninenko and V. Golovtcov and N. Golubev and I. Golutvin and I. Gorbunov and A. Gribushin and V. Ivanchenko and Y. Ivanov and V. Kachanov and L. Kardapoltsev and V. Karjavine and A. Karneyeu and V. Kim and M. Kirakosyan and D. Kirpichnikov and M. Kirsanov and V. Klyukhin and O. Kodolova and D. Konstantinov and V. Korenkov and A. Kozyrev and N. Krasnikov and E. Kuznetsova and A. Lanev and A. Litomin and N. Lychkovskaya and V. Makarenko and A. Malakhov and V. Matveev and V. Murzin and A. Nikitenko and S. Obraztsov and V. Okhotnikov and V. Oreshkin and A. Oskin and I. Ovtin and V. Palichik and P. Parygin and A. Pashenkov and V. Perelygin and M. Perfilov and S. Petrushanko and G. Pivovarov and S. Polikarpov and V. Popov and O. Radchenko and M. Savina and V. Savrin and V. Shalaev and S. Shmatov and S. Shulha and Y. Skovpen and S. Slabospitskii and I. Smirnov and V. Smirnov and D. Sosnov and A. Stepennov and V. Sulimov and E. Tcherniaev and A. Terkulov and O. Teryaev and M. Toms and A. Toropin and L. Uvarov and A. Uzunian and E. Vlasov and S. Volkov and A. Vorobyev and N. Voytishin and B. S. Yuldashev and A. Zarubin and I. Zhizhin and A. Zhokin},
    title = {Search for the exotic decay of the Higgs boson into two light pseudoscalars with four photons in the final state in proton-proton collisions at $\sqrt{s} = 13$ TeV},
    journal = {Journal of High Energy Physics}
}

@software{Flashgg,
    collaboration = {CMS Collaboration},
    title = {Flashgg},
    url = {https://github.com/cms-analysis/flashgg},
    version = {10.6.29},
    date = {2023},
}

@software{HiggsDNA,
    collaboration = {CMS Collaboration},
    title = {HiggsDNA},
    url = {https://gitlab.cern.ch/HiggsDNA-project/HiggsDNA},
    date = {2023},
}

@software{lindsey_gray_2023_8408347,
    author = {Lindsey Gray and Nicholas Smith and Benjamin Tovar and Yi-Mu "Enoch" Chen and Andrzej Novak and Jayjeet Chakraborty and Nikolai Hartmann and Peter Fackeldey and Iason Krommydas and Gordon Watts and Douglas Thain and Giordon Stark and BenGalewsky and Jonas Rübenach and Benjamin Fischer and Devin Taylor and Mohamed Aly and Dmitry Kondratyev and Paul Gessinger and Joosep Pata and Anna Woodard and Andris Potrebko and Marcel R. and slehti and Zoe Surma and Chris Papageorgakis and Kevin Pedro and dnoonan08},
    title = {CoffeaTeam/coffea: v0.7.22},
    month = oct,
    year = 2023,
    publisher = {Zenodo},
    version = {v0.7.22},
    doi = {10.5281/zenodo.8408347},
    url = {https://doi.org/10.5281/zenodo.8408347}
}

@software{higgs-combine,
    author = {CMS Higgs Combine Team},
    title = {CMS Higgs Combine: v9.1.0},
    month = apr,
    year = 2023,
    publisher = {Zenodo},
    version = {v9.1.0},
    url = {https://github.com/cms-analysis/HiggsAnalysis-CombinedLimit}
}

@article{discrete-profiling,
doi = {10.1088/1748-0221/10/04/P04015},
url = {https://dx.doi.org/10.1088/1748-0221/10/04/P04015},
year = {2015},
month = {apr},
publisher = {},
volume = {10},
number = {04},
pages = {P04015},
author = {P.D. Dauncey and M. Kenzie and N. Wardle and G.J. Davies},
title = {Handling uncertainties in background shapes: the discrete profiling method},
journal = {Journal of Instrumentation}
}